2084 3000
227 170 295 221 58
850 165 906 219 Τ.
943 166 1276 220 ΙιΠΟΒΕΤΠ

225 266 515 319 Dissimiles
538 265 702 333 igitur
723 266 902 318 formae
924 267 1276 333 glomeramen
1297 268 1356 320 in
1378 285 1547 321 unum

226 335 572 399 Conveniunt,
596 340 652 385 et
672 351 755 386 res
778 335 1038 402 permixto
1062 335 1257 387 semine
1281 343 1538 390 constant.

297 402 439 467 Quin
461 402 622 454 etiam
644 403 839 470 passim
861 402 1053 454 nostris
1075 403 1134 454 in
1156 402 1389 455 versibus
1411 404 1538 472 ipsis

225 467 404 523 Multa
426 469 685 522 elementa
706 469 851 523 vides
873 471 1058 523 multis
1081 472 1379 524 communia
1401 473 1571 525 verbis
1590 491 1603 535 ;

228 538 405 602 Quum
429 542 608 591 tamen
630 539 770 590 inter
792 556 847 591 se
869 553 1048 591 versus
1070 555 1133 591 ac
1156 539 1315 592 verba
1337 557 1543 594 necesse
1567 546 1649 594 est

226 605 514 659 Confitewe
537 606 644 659 alia
665 624 732 659 ex
756 607 874 659 aliis
897 612 1135 660 constare
1156 607 1455 660 elementis:

224 673 358 740 Non,
383 690 486 742 quo
507 674 680 727 multa
701 692 890 744 parum
912 676 1203 727 communis
1225 673 1379 728 litera
1402 682 1592 742 currat,

225 742 338 794 Aut
359 741 510 795 nulla
531 742 671 795 inter
693 761 747 796 se
770 744 875 796 duo
899 744 1007 795 sint
1029 760 1098 795 ex
1120 743 1360 795 omnibus
1382 744 1612 797 isdem‘:

225 809 328 863 Sed
388 810 480 863 uia
501 827 610 863 non
630 811 789 892 vulgo
813 811 961 880 paria
983 811 1225 864 omnibus
1248 812 1425 864 omnia
1445 817 1702 866 constant.

225 877 312 930 Sic
333 827 451 931 03:12
473 878 532 930 in
552 879 708 932 rebus
729 885 859 932 item
882 879 1180 933 communia
1201 880 1389 946 multa,

224 946 517 999 Multarum
539 964 716 999 rerum
740 964 905 1014 quum
928 947 1036 999 sint
1058 948 1356 1016 primordia,
1379 948 1535 1016 longe

224 1013 479 1067 Dissimili
501 1020 682 1067 tamen
704 1015 842 1067 inter
865 1031 919 1068 se
943 1017 1224 1068 consistere
1248 1033 1453 1068 summa

224 1079 472 1134 Possunt:
511 1088 576 1135 ut
596 1084 782 1137 merito
806 1101 873 1136 ex
897 1084 1015 1136 aliis
1037 1089 1276 1137 constare
1298 1085 1503 1137 feratur

225 1148 534 1203 Humanum
557 1168 722 1218 genus
745 1168 807 1204 ac
829 1153 1006 1232 fruges
1029 1152 1347 1220 arbustaque
1369 1152 1510 1206 laeta.

292 1218 404 1299 Nec
426 1224 604 1271 tamen
627 1220 936 1273 omnimodls
959 1220 1199 1272 connecti
1223 1237 1370 1288 posse
1393 1220 1691 1288 putandum
1713 1224 1794 1272 est

225 1285 439 1348 Omma:
475 1304 600 1339 nam
621 1289 782 1356 vulgo
803 1288 918 1341 fieri
941 1292 1185 1368 portenta
1207 1288 1444 1351 videres3

223 1353 499 1408 semiferas
521 1356 796 1409 hominum
819 1373 1013 1424 species
1037 1356 1314 1419 exsistere;
1349 1363 1404 1410 et
1427 1358 1562 1410 altos

224 1422 500 1476 Interdum
521 1440 691 1477 ramos
714 1442 743 1477 e
766 1424 916 1493 gigni
938 1440 1150 1492 corpore
1174 1424 1323 1489 vivo;

224 1491 506 1562 Multaque
530 1493 768 1547 connecti
791 1492 1059 1546 terrestria
1079 1491 1313 1547 membra
1334 1494 1576 1548 marinis:

221 1558 357 1613 Tum
378 1561 645 1615 flammam
666 1568 802 1615 tetro
826 1562 1085 1631 spirantes
1106 1578 1193 1614 ore
1212 1561 1492 1615 Chimaeras

222 1627 439 1683 Pascere
461 1637 706 1683 nami-am
729 1647 822 1699 per
844 1636 1009 1683 terras
1033 1629 1433 1698 omniparentes.

223 1698 455 1761 Quomm
477 1699 556 1750 nil
577 1698 690 1750 fieri
712 1699 1053 1751 manifestum
1075 1703 1181 1751 est:
1216 1699 1392 1751 omnia
1416 1697 1626 1767 quando

220 1764 516 1818 Seminibus
539 1766 694 1819 certis
717 1772 861 1818 certa
883 1766 1148 1833 genetrice
1170 1771 1347 1820 creata

221 1833 532 1886 Conservare
555 1850 719 1900 genus
742 1834 1030 1886 crescentia
1052 1850 1200 1902 posse
1222 1835 1472 1888 videmus.

290 1901 502 1955 Scilicet
524 1902 580 1953 id
604 1907 748 1954 certa
769 1901 884 1953 fieri
904 1902 1108 1954 ratione
1131 1919 1337 1956 neeesse
1359 1909 1463 1955 est:

219 1968 359 2023 Nam
381 1987 477 2022 sua
500 1970 688 2037 cuique
710 1969 839 2021 cibis
862 1986 930 2021 ex
952 1969 1193 2021 omnibus
1215 1971 1360 2023 intus
1382 1971 1442 2022 in
1463 1976 1611 2023 artus

221 2038 445 2106 Corpora
467 2038 774 2101 discedunt3
808 2054 1146 2104 connexaque
1169 2038 1537 2091 convenientes

219 2106 471 2159 Efficiunt
493 2111 694 2159 motus:
731 2113 789 2159 at
812 2112 995 2159 contra
1017 2106 1192 2158 aliena
1214 2107 1452 2159 videmus

221 2173 454 2241 Rejicere
475 2175 535 2226 in
556 2181 721 2227 terras
744 2180 1022 2237 naturam3
1057 2174 1335 2241 multaque
1357 2175 1507 2227 caecis

220 2242 528 2311 Corporibus
550 2242 768 2310 fugiunt
791 2261 820 2296 e
843 2260 1054 2311 corpore
1076 2242 1277 2311 percita
1300 2242 1472 2310 plagis
1494 2262 1509 2306 ;

209 2311 350 2374 Quae
373 2328 544 2380 neque
567 2312 805 2364 connecti
829 2328 1092 2392 quoquam
1114 2315 1347 2379 potuere,
1370 2327 1541 2379 neque
1564 2311 1706 2364 intra

220 2378 422 2432 Vitales
442 2386 617 2432 motus
641 2386 946 2445 consentire,
969 2385 1131 2446 atque
1153 2378 1391 2431 animari.
1436 2431 1443 2443 ,

288 2447 390 2499 Sed
414 2465 481 2500 ne
503 2449 638 2500 forte
661 2454 814 2516 putes
837 2447 1089 2500 animalia
1112 2445 1221 2498 sola
1243 2447 1413 2500 teneri

221 2513 446 2580 Legibus
468 2517 551 2568 his
574 2534 589 2579 ;
625 2516 862 2583 quaedam
883 2515 1019 2566 ratio
1043 2513 1378 2566 disterminat
1400 2530 1593 2568 omnes.

218 2581 270 2633 N
270 2599 372 2650 am,
395 2585 561 2637 veluti
585 2589 698 2637 tota
720 2589 912 2636 natura
935 2579 1212 2631 dissimiles
1235 2587 1362 2632 sunt

891 2683 911 2704 ⁸
936 2674 1102 2721 iddmn
1130 2673 1223 2712 MS.

1791 612 1898 661 (390

1788 1291 1894 1342 70⁰

1786 1970 1889 2023 710
