2084 3000
221 193 324 244 126
830 188 885 241 'lt
922 186 1257 240 LUORETII
2035 176 2048 271 ’ἢ

287 289 493 344 Deinde
515 289 757 358 voluptas
780 294 859 343 est
883 305 912 341 e
936 304 1089 341 succo
1113 288 1217 341 fine
1240 287 1434 357 palati:

219 359 397 424 Quum
421 375 543 412 vero
568 357 809 411 deorsum
831 374 925 426 per
946 357 1127 410 fauces
1151 355 1521 425 praecipitavit,
1798 361 1903 410 630

217 428 382 481 Nulla
405 426 650 496 voluptas
673 431 766 492 est,
791 425 919 478 dum
942 425 1145 478 diditur
1168 425 1337 478 omnis
1360 424 1419 476 in
1442 431 1618 477 artus:

216 497 328 550 Nec
350 496 511 549 refert
534 494 660 564 quid
697 511 832 561 uam,
858 511 959 563 quo
983 494 1132 547 victu
1155 510 1341 562 corpus
1363 492 1554 560 alatur,

216 564 524 631 Dummodo,
549 581 623 633 qu
714 563 903 631 capias,
928 568 1233 616 concoctum
1257 561 1434 615 didere
1458 562 1620 630 possis

216 632 466 702 Artubus,
489 638 545 687 et
569 631 825 686 stomachi
848 631 1154 684 humectum
1178 648 1383 685 servare
1407 635 1652 684 tenorem.

613 745 788 814 Quare
809 745 924 815 αζία
947 745 1076 799 aliis
1098 745 1369 800 como-aria
1390 744 1515 800 sint.

285 845 442 900 Nunc
464 846 582 900 aliis
605 846 741 899 alius
766 845 859 914 qui
883 844 952 897 sit
975 844 1135 911 cibus,
1160 849 1225 897 ut
1247 844 1530 912 videamus,

215 913 539 983 Expediam3
576 931 817 983 quareve,
841 913 960 967 aliis
984 912 1123 981 quod
1146 914 1297 966 triste
1321 919 1375 966 et
1398 930 1636 966 amarum
1660 916 1754 980 est,

217 982 335 1035 Hoc
357 988 537 1037 tamen
560 1000 670 1036 esse
692 983 810 1035 aliis
835 982 997 1052 possit
1021 982 1284 1051 proedulce
1307 981 1488 1035 videri.

215 1051 490 1119 'l'antaque
513 1052 571 1104 in
593 1050 676 1103 his
697 1049 852 1103 rebus
876 1050 1132 1103 distantia.
1154 1051 1511 1119 differitasque
1533 1056 1627 1118 est,

215 1119 308 1187 Ut,
331 1120 470 1187 quod
492 1120 592 1172 alis
615 1118 762 1171 cibus
785 1124 879 1186 est,
903 1119 1021 1172 aliis
1045 1120 1167 1172 fuat
1188 1136 1306 1172 acre
1329 1136 1602 1173 venenum.

215 1187 313 1240 Est
335 1187 533 1256 itaque,
559 1193 620 1242 ut
642 1204 865 1257 serpens,
891 1188 1117 1241 hominis
1142 1204 1258 1256 quae
1277 1193 1421 1241 tacta
1445 1188 1623 1242 salivis
1789 1191 1896 1240 640

215 1256 463 1325 Disperit,
486 1274 550 1311 ac
573 1273 682 1311 sese
703 1256 1000 1312 mandendo
1023 1256 1235 1310 conficit
1257 1258 1385 1326 ipsa.

215 1324 490 1394 Prata-ea,
513 1325 663 1379 nobis
686 1332 955 1379 veratrum
977 1332 1059 1379 est
1080 1343 1200 1379 acre
1218 1342 1494 1395 venenum,

216 1396 294 1447 At
316 1395 486 1464 capris
508 1395 689 1464 adipes
711 1400 767 1447 et
790 1394 1145 1448 coturnicibus
1167 1399 1342 1463 auget.

286 1463 352 1518 Id
374 1463 565 1534 quibus
586 1469 651 1519 ut
673 1463 769 1518 fiat
790 1463 944 1518 rebus
968 1481 1274 1533 cognoscere
1296 1463 1475 1534 possis,

216 1532 484 1605 Principio
506 1533 803 1587 meminisse
826 1534 990 1601 decet,
1014 1550 1128 1603 quae
1152 1533 1384 1587 diximus
1407 1539 1547 1602 ante,

216 1601 429 1657 Semina
449 1602 774 1656 multimodis
795 1603 855 1656 in
877 1603 1029 1656 rebus
1053 1603 1224 1656 mixta
1246 1603 1429 1656 teneri.

216 1671 375 1725 Porro
398 1689 590 1739 omnes,
616 1689 958 1741 quaecumque
982 1672 1159 1725 cibum
1181 1672 1413 1740 capiunt,
1438 1671 1749 1738 animantes,

217 1740 293 1793 Ut
317 1746 441 1795 sunt
465 1741 740 1794 dissimiles
762 1741 1102 1808 extrinsecus,
1127 1746 1182 1793 et
1205 1740 1496 1809 generatim

215 1807 434 1862 Extima
454 1808 801 1862 membrorum
826 1810 1224 1862 circumcaesura
1246 1816 1461 1876 coercet,

215 1875 442 1930 Proinde
464 1883 520 1930 et
542 1877 828 1930 seminibus
851 1884 1096 1931 constant
1119 1879 1428 1947 variantque
1450 1877 1631 1946 figura.
1784 1880 1891 1930 650

216 1944 429 1998 Semina
451 1962 615 2013 quum
639 1962 790 2014 porro
814 1944 1026 2014 distent,
1051 1947 1258 2000 differre
1281 1964 1487 2000 necesse
1511 1955 1592 1999 est

217 2011 505 2066 Intervalla
526 2014 755 2084 viasque,
777 2014 1036 2069 foramina
1059 2032 1177 2085 quae
1201 2015 1547 2085 perhibemus,
1613 2036 1618 2042 ’

217 2081 471 2135 Omnibus
493 2081 552 2133 in
573 2083 832 2150 membris,
857 2090 912 2136 et
934 2084 993 2136 in
1015 2101 1117 2151 ore,
1141 2085 1357 2155 ipsoque
1416 2085 1571 2137 alato.

215 2150 342 2203 Esse
364 2150 568 2203 minora
588 2150 755 2220 igitur
777 2152 1019 2221 quaedam
1039 2155 1342 2222 majoraque
1403 2153 1593 2217 ebent3

215 2218 343 2272 Esse
366 2221 625 2287 triquetra
648 2220 779 2288 aliis,
804 2221 922 2273 aliis
983 2222 1207 2275 uadrata
1231 2238 1437 2274 necesse
1460 2228 1570 2285 est3

216 2287 401 2343 Multa
421 2287 660 2355 rotunda,
683 2289 850 2342 modis
872 2308 965 2342 mu
988 2291 1058 2343 tis
1081 2290 1416 2357 multangula
1439 2289 1694 2359 quaedam.

214 2356 456 2426 Namque
478 2356 764 2424 figurarum
785 2359 920 2411 ratio
942 2365 1007 2411 ut
1029 2366 1308 2427 motusque
1330 2366 1625 2427 reposcunt,

214 2423 442 2480 Proinde
464 2425 806 2478 foraminibus
830 2425 1022 2479 debent
1046 2427 1253 2479 differre
1275 2426 1475 2495 figurae,

214 2492 288 2544 Et
311 2494 512 2546 variare
534 2494 648 2558 viae,
673 2494 889 2562 proinde
912 2510 974 2545 ac
999 2500 1215 2546 textura
1237 2502 1453 2548 coercet.

215 2558 348 2626 Hoc,
371 2560 464 2613 ubi
488 2560 627 2629 quod
650 2577 809 2613 suave
832 2566 912 2612 est
935 2561 1067 2627 aliis,
1092 2561 1211 2613 aliis
1232 2561 1299 2613 fit
1321 2579 1574 2630 amarum,
1788 2566 1893 2616 660

215 2624 320 2689 Illi,
344 2628 431 2679 cui
453 2645 610 2681 suave
634 2635 728 2694 est,
751 2628 1029 2680 laevissima
1053 2642 1271 2696 corpora*
1288 2627 1483 2683 debent

215 2691 667 2749 Contrectabiliter
690 2695 866 2749 caulas
889 2696 1088 2749 intrare
1110 2695 1300 2765 palati:
