2084 3000
229 195 299 245 40
853 192 910 246 Τ.
946 191 1284 246 LUCRETII

231 292 400 346 Obvia
423 294 704 348 conflixere
719 303 754 362 ⁶,
777 294 856 360 fit,
878 300 943 348 ut
966 295 1173 348 diversa
1194 300 1410 364 repente

228 361 533 415 Dissiliant:
568 379 737 430 neque
760 364 902 415 enim
923 365 1132 430 mirum,
1157 364 1436 416 durissima
1459 380 1575 432 quae
1600 363 1721 431 sint,

229 429 554 484 Ponderibus
579 431 769 498 solidis,
792 449 963 500 neque
986 433 1275 501 quidquam
1296 449 1331 485 a
1352 439 1501 500 tergo
1523 433 1641 486 ibus
1665 433 1850 486 obstet.

823 549 1006 603 Imum
1028 550 1177 603 nihil
1198 568 1309 604 esse.

228 633 302 686 Et
325 651 426 703 quo
441 635 637 704 jactari
657 635 826 703 magis
850 636 1026 688 omnia
1048 637 1294 689 materiai

231 703 456 772 Corpora
476 704 764 773 pervideaS,
787 705 1117 757 reminiscere
1140 706 1303 757 totius
1325 703 1493 757 imum

228 770 322 824 Nil
346 790 454 826 esse
476 774 535 825 in
559 791 792 836 summa3
827 790 998 840 neque
1023 774 1229 839 habere,
1258 773 1350 825 ubi
1373 790 1586 841 corpora
1608 772 1780 840 prima
1837 776 1911 825 90

231 840 555 895 Consistant:
592 843 842 910 quoniam
865 842 1096 908 spatium
1120 843 1232 893 sine
1254 842 1359 893 fine
1381 843 1638 908 modoque
1662 848 1755 908 est,
1893 849 1899 853 ’

233 909 658 978 Immensumque
682 916 860 978 patere
884 911 942 961 in
966 917 1182 962 cunctas
1206 910 1441 978 undique
1464 917 1653 978 putee,

228 977 476 1031 Pluribus
500 977 744 1045 ostendit,
763 984 906 1030 certa
928 983 983 1030 et
1004 979 1209 1031 ratione
1232 978 1510 1047 probatum
1534 985 1627 1032 est.

300 1047 450 1111 Quod
474 1045 722 1115 quoniam
745 1052 964 1112 constat,
988 1048 1241 1100 nimirum
1263 1047 1412 1099 nulla
1435 1048 1583 1115 quies
1606 1053 1686 1100 est

230 1112 458 1168 Reddita
481 1114 780 1183 corporibus
803 1115 985 1184 primis
1008 1133 1102 1184 per
1124 1117 1283 1169 inane
1305 1116 1656 1184 profundum3

229 1181 332 1236 Sed
355 1184 537 1252 magia,
562 1182 768 1236 assiduo
793 1185 1041 1253 varioque
1066 1185 1297 1237 exercita
1319 1190 1483 1252 motu,

228 1250 432 1304 Partim
455 1253 745 1306 intervallis
768 1255 973 1321 magnis
993 1253 1237 1306 conflicta
1258 1254 1535 1319 resultant,

229 1318 357 1373 Pars
381 1322 542 1374 etiam
564 1320 808 1374 brevibus
832 1323 1015 1391 spatiis
1038 1328 1305 1374 nexantur
1328 1322 1394 1374 ab
1418 1323 1547 1374 ictu.

228 1388 301 1442 Et
325 1406 682 1458 quaecumque,
706 1392 874 1458 magis
898 1391 1157 1443 condenso
1181 1391 1481 1458 conciliatu,

227 1458 451 1527 Exiguis
473 1459 766 1513 intervallis
790 1458 1063 1514 convecta‘¹
1085 1460 1362 1528 resultant,
1805 1462 1909 1513 100

230 1527 556 1598 Indupedita
579 1530 685 1583 suis
707 1531 971 1599 perplexis
994 1531 1112 1597 ipsa
1133 1529 1346 1597 figuris;

230 1596 362 1651 Haec
385 1599 586 1651 validas
611 1600 728 1652 saxi
748 1601 954 1653 radices
977 1605 1032 1651 et
1055 1600 1167 1651 fera
1190 1599 1318 1651 ferri

228 1667 452 1735 Corpora
474 1669 818 1735 constituunt,
845 1675 899 1721 et
923 1673 1097 1721 cetera
1121 1668 1186 1720 de
1209 1684 1399 1734 genere
1422 1666 1611 1719 horum

228 1734 489 1788 Paucula:
526 1753 642 1816 quae
665 1754 816 1805 porro
838 1753 1091 1804 magnum
1114 1754 1208 1805 per
1230 1739 1389 1788 inane
1412 1740 1688 1803 vagantur,

230 1803 414 1856 Cetera.
437 1804 705 1856 dissiliunt
727 1805 897 1871 longe,
920 1805 1183 1873 longeque
1206 1810 1479 1857 recursant

229 1871 297 1923 In
319 1872 526 1940 magnis
548 1873 869 1936 intervallis;
904 1873 1017 1925 haec
1041 1877 1166 1927 aera
1188 1891 1370 1926 rarum

229 1939 510 1993 Sufficiunt
533 1940 683 1993 nobis
706 1946 761 1993 et
785 1942 1060 2009 splendida
1083 1944 1288 1996 lumina
1312 1943 1446 1995 solis,

296 2008 577 2076 Multaque
601 2016 853 2077 praeterea
875 2028 1128 2079 magnum
1152 2029 1246 2080 per
1268 2012 1427 2063 inane
1450 2016 1728 2078 vagantur,

230 2076 474 2131 Conciliis
496 2095 671 2130 rerum
694 2096 812 2148 quae
836 2087 961 2133 sunt
984 2082 1193 2148 rejecta,
1218 2097 1315 2131 nec
1338 2096 1563 2147 usquam

231 2146 533 2200 consociare
556 2147 717 2200 etiam
740 2155 914 2201 motus
938 2155 1154 2217 potuere
1176 2155 1400 2215 recepta.
1805 2149 1906 2197 llo

230 2214 405 2283 CujuS,
428 2217 513 2268 uti
535 2234 775 2284 memoro,
800 2218 877 2269 rei
902 2218 1243 2269 simulacrum
1265 2225 1321 2268 et
1343 2217 1517 2283 imago

228 2286 369 2337 Ante
392 2285 567 2338 oculos
590 2303 791 2354 semper
812 2284 961 2338 nobis
984 2292 1221 2339 versatur
1244 2291 1298 2337 et
1320 2285 1500 2338 instat.

230 2353 621 2422 Contemplator
643 2355 797 2420 enim,
823 2370 983 2420 quum
1008 2355 1130 2406 solis
1153 2354 1357 2405 lumina
1381 2369 1590 2421 cunque

230 2422 478 2475 Insertim
500 2422 736 2474 fundunt
757 2423 928 2474 radios
953 2440 1046 2489 per
1070 2439 1233 2489 opaca
1256 2421 1556 2474 domorum:

229 2490 407 2543 Multa
428 2491 639 2542 minuta
660 2490 828 2541 modis
850 2490 1032 2540 multis
1057 2507 1151 2556 per
1172 2490 1333 2540 inane
1354 2489 1558 2540 videbis

231 2558 455 2625 Corpora
476 2558 682 2610 misceri
703 2557 968 2607 radiorum
991 2556 1191 2607 lumine
1215 2557 1271 2607 in
1296 2557 1424 2622 ipso,

230 2624 316 2692 Et,
341 2626 487 2678 velut
510 2631 705 2677 veterno
729 2623 1026 2687 certamine,
1053 2623 1236 2690 proelia
1258 2639 1567 2691 pugnasque

339 2710 359 2731 ⁸
387 2709 622 2748 confinxere
639 2708 702 2746 ita
721 2706 806 2752 uti3
837 2705 931 2744 ΜΒ.
1368 2697 1391 2725 ‘¹
1417 2707 1627 2753 confulta
1657 2706 1753 2744 MS.
