2084 3000
718 169 934 222 LIBER
969 169 1347 224 SECUNDUS.
1801 172 1868 224 67

185 268 300 322 Nec
321 268 454 322 bene
478 269 773 338 promeritis
797 270 1019 339 capitur,
1045 287 1143 323 nec
1166 271 1406 338 tangitur
1428 270 1520 323 ira.
1766 271 1869 321 650

260 338 420 389 'l'erra
441 338 654 405 quidem
678 355 799 390 vero
823 344 967 390 caret
990 339 1135 390 omni
1157 346 1390 407 tempore
1413 354 1591 390 sensu:

188 405 308 467 Sed,
332 406 458 472 quia
479 405 770 457 multarum
794 407 999 475 potitur
1022 405 1307 474 primordia
1329 423 1517 472 rerum,

190 473 369 525 Multa
389 473 557 524 modis
579 474 761 525 multis
785 474 933 526 effert
955 475 1014 526 in
1037 475 1243 527 lumina
1265 474 1400 527 solis.

193 540 306 592 Hic
330 541 374 592 si
398 542 516 608 quis
538 558 682 594 mare
705 542 1031 611 Neptunum,
1058 543 1398 610 Cereremque
1421 559 1606 595 vocare

191 609 489 661 Constituet
511 610 705 677 fruges,
729 615 785 662 et
808 610 1005 662 Bacchi
1027 610 1239 662 nomine
1262 611 1413 663 abuti

191 677 418 742 Mavult,
443 694 600 745 quam
622 678 795 730 laticis
819 678 1089 747 proprium
1111 679 1340 746 proferre
1363 695 1639 731 vocamen:

195 745 552 797 Ooncedamus
574 752 639 798 ut
660 747 749 798 hic
773 752 1033 798 terrarum
1057 746 1266 798 dictitet
1289 745 1466 798 orbem

191 812 319 866 Esse
341 812 502 865 deiim
522 819 760 881 matrem,
784 814 915 866 dum
937 831 1063 866 vera
1084 831 1141 867 re
1164 819 1344 866 tamen
1365 814 1492 882 ipse.

263 880 410 950 Saepe
432 881 627 950 itaque,
654 900 721 943 ex
744 899 849 935 uno
873 882 1151 935 tondentes
1322 882 1413 934 ina
1438 898 1639 950 campo,

193 948 464 1016 Lanigerae
488 950 711 1018 pecudes
735 957 789 1003 et
813 968 1069 1019 equorum
1091 899 1319 1002 duffiica
1340 950 1511 1019 proles
1770 952 1872 1002 660

194 1017 535 1086 Bueeriaeque
558 1035 754 1086 greges,
779 1020 876 1071 sub
899 1019 1081 1071 eodem
1103 1019 1336 1086 tegmine
1359 1019 1491 1086 coeli,

194 1085 281 1137 Ex
303 1103 511 1166 unoque
535 1087 680 1139 sitim
702 1087 942 1140 sedantes
964 1087 1184 1139 flumine
1207 1091 1385 1155 aquai,

194 1153 452 1206 Dissimili
474 1155 665 1207 vivunt
688 1157 871 1223 specie,
895 1156 1228 1222 retinentque
1249 1161 1531 1223 parentum

195 1222 470 1288 Naturam,
495 1227 549 1275 et
572 1240 738 1275 mores
760 1224 1053 1291 generatim
1110 1240 1294 1291 uaeque
1315 1223 1622 1277 imitantur:

196 1290 370 1343 Tanta
391 1297 472 1343 est
493 1291 550 1342 in
574 1291 756 1371 quovis
779 1308 969 1359 genere
992 1292 1088 1344 her
1122 1309 1167 1343 εει
1191 1292 1433 1345 materiai

198 1359 479 1411 Dissimilis
500 1366 665 1422 rat103
700 1365 854 1412 tanta
877 1365 956 1412 est
978 1359 1035 1411 in
1058 1360 1276 1411 flumine
1299 1377 1518 1428 quoque.

270 1426 414 1479 Hinc
437 1444 588 1496 porro
612 1428 846 1495 quemvis
869 1428 1194 1480 animantem
1217 1444 1284 1480 ex
1308 1429 1548 1480 omnibus
1571 1445 1679 1481 una

201 1494 344 1561 Ossa,
369 1508 531 1562 cruor,
556 1513 718 1563 venae,
742 1496 896 1562 calor,
920 1496 1124 1564 humor,
1149 1497 1363 1563 viscera,
1387 1496 1537 1549 nervi

202 1564 545 1616 constituunt
565 1583 579 1627 3
614 1581 732 1632 quse
757 1571 882 1617 sunt
905 1581 1071 1633 porro,
1096 1565 1351 1617 distantia
1371 1565 1540 1632 longe,

200 1631 457 1684 Dissimili
482 1633 715 1700 perfecta
735 1633 908 1701 figura
929 1633 1322 1701 principiorum.
1774 1631 1876 1685 670

273 1700 409 1752 Tum
433 1717 586 1769 porro
607 1716 950 1769 quaecumque
972 1702 1087 1769 igni
1108 1701 1379 1753 flammata
1402 1704 1730 1763 cremantur;

203 1766 262 1821 Si
285 1768 364 1819 nil
386 1775 653 1849 praeterea,
678 1778 852 1822 tamen
875 1770 992 1821 haec
1014 1770 1075 1820 in
1098 1785 1308 1836 corpore
1330 1768 1567 1835 tradunt,

204 1836 359 1888 Unde
381 1853 560 1904 ignem
577 1839 752 1904 jacere
775 1842 830 1890 et
852 1838 1033 1889 lumen
1059 1836 1366 1889 submittere
1388 1837 1612 1905 possint:

204 1903 575 1972 scintillasque
668 1922 768 1973 ere,
791 1922 853 1957 ac
876 1905 985 1957 late
1009 1905 1217 1957 differre
1240 1905 1491 1958 favillam,

204 1972 391 2024 Cetera
413 1989 474 2024 co
540 1973 553 1986 “
615 1974 626 1985 ”
655 1974 667 1985 “
695 1974 887 2026 mentis
909 1974 1114 2026 ratione
1136 1990 1432 2042 peragrans,

207 2039 451 2093 Invenies
473 2040 620 2094 intus
642 2041 932 2093 multarum
956 2042 1157 2093 semina
1178 2058 1354 2093 rerum

207 2107 430 2175 Corpore
452 2108 633 2175 celare,
658 2115 714 2161 et
736 2110 907 2162 varias
930 2108 1170 2161 cohibere
1191 2108 1401 2175 figuras.

279 2176 520 2244 Denique
542 2177 714 2230 multa
736 2177 895 2243 vides,
920 2176 1110 2244 quibus
1134 2182 1190 2229 et
1211 2176 1351 2228 color
1373 2181 1426 2229 et
1450 2193 1601 2245 sapor
1622 2194 1730 2229 una

212 2243 441 2296 Reddita
464 2251 588 2297 sunt
611 2262 734 2297 cum
757 2245 940 2307 odore;
974 2244 1233 2312 imprimis
1255 2244 1502 2313 pleraque
1525 2245 1677 2312 dona,

210 2311 504 2379 Belligione
526 2313 766 2366 animum
788 2313 935 2381 turpi
958 2313 1261 2379 contingere
1283 2318 1452 2382 pacto.
1782 2311 1884 2362 680

211 2379 346 2432 Haec
369 2380 539 2447 igitur
561 2381 722 2434 variis
745 2381 940 2434 debent
962 2386 1203 2432 constare
1225 2380 1436 2448 figuris:

208 2446 378 2500 Nidor
400 2450 543 2500 enim
564 2454 826 2518 penetrat,
850 2465 958 2517 qua
980 2465 1168 2500 succus
1190 2465 1298 2501 non
1319 2450 1367 2501 it
1389 2449 1447 2500 in
1470 2452 1643 2501 artus:

211 2514 410 2569 Saccus
431 2517 563 2570 item
587 2534 832 2584 seorsum,
856 2522 912 2569 et
934 2533 1165 2569 seorsum
1178 2524 1197 2547 ²
1221 2534 1279 2569 sa
1345 2534 1373 2567 r
1395 2516 1693 2566 insinuatur

214 2582 494 2649 Sensibus;
527 2591 592 2639 ut
615 2601 798 2639 noscas
823 2584 1007 2654 primis
1031 2583 1238 2635 differre
1297 2583 1457 2650 guris.

877 2680 896 2702 ⁸
919 2673 995 2713 sed
1012 2684 1089 2711 nec
1101 2684 1114 2720 ς
1147 2671 1242 2710 ΜΒ.
