2084 3000
218 200 321 251 124
839 190 894 244 Τ.
931 188 1264 243 LUORETII

286 299 558 365 Praeterea‚
581 294 800 349 verbum
823 310 960 376 saepe
982 309 1149 345 unum
1170 290 1369 373 perciet
1391 305 1543 343 aures

219 367 488 434 Omnibus,
512 367 570 418 in
592 363 786 434 populo
809 379 1056 415 emissum
1078 377 1331 431 praecoms
1354 358 1419 411 ob
1442 374 1555 411 ore:

219 438 286 490 In
308 436 502 489 multas
525 434 688 502 igitur
710 447 860 486 voces
883 447 986 483 vox
1009 447 1120 484 una
1143 434 1357 512 repente

220 505 462 572 Diffugit,
485 503 542 555 in
565 501 741 571 privas
764 500 1011 569 quoniam
1034 516 1089 553 se
1114 497 1305 552 <findit
1329 511 1495 562 aures,

222 574 515 642 Obsignans
536 571 758 623 formam
783 568 952 622 verbis
976 567 1281 635 clarumque
1305 581 1551 618 sonorem.

219 642 311 709 At,
336 658 451 710 quae
473 657 595 710 pars
618 656 805 692 vocum
827 654 934 691 non
957 653 1109 690 aures
1132 635 1320 689 incidit
1343 635 1497 703 ipsas,
1801 632 1914 687 570

224 710 531 764 Praeterlata
553 709 692 779 perit
713 708 911 761 flustra
933 705 1127 758 diffusa
1149 722 1243 773 per
1265 719 1451 758 auras:

221 779 353 833 Pars
375 778 554 832 solidis
576 777 743 844 allisa,
766 776 902 845 lapis
924 775 1123 843 rejecta
1145 789 1380 828 sonorem

224 848 435 917 Reddit,
458 855 514 902 et
537 845 805 900 interdum
825 846 1114 897 frustratur
1134 841 1366 911 imagine
1388 838 1548 895 verbi.

764 1003 847 1059 De
868 1004 1008 1058 vocis
1029 1002 1370 1075 inminibus.

296 1116 432 1179 Quae
454 1115 587 1168 bene
611 1131 774 1185 quum
796 1114 989 1182 videas,
1012 1115 1273 1168 rationem
1294 1113 1512 1167 reddere
1534 1111 1697 1183 possis

226 1185 361 1239 Tute
382 1185 484 1240 tibi
505 1201 540 1238 a
599 1201 668 1238 ue
689 1184 823 1252 aliis,
881 1200 952 1237 uo
975 1188 1130 1253 pacto
1152 1200 1247 1253 per
1268 1183 1384 1236 loca
1406 1183 1516 1236 sola

227 1254 369 1309 Saxa
389 1270 540 1324 pares
585 1270 754 1307 ormas
776 1270 869 1308 ver
1075 1270 1143 1306 ex
1166 1251 1347 1306 ordine
1367 1250 1607 1318 reddant,

229 1323 477 1377 Palantes
500 1322 714 1377 comites
737 1339 903 1392 quum
924 1327 1129 1375 montes
1151 1322 1292 1374 inter
1308 1337 1493 1390 opacos

230 1392 539 1461 Quaerimus,
562 1397 618 1446 et
639 1408 834 1460 magna
856 1390 1112 1461 dispersos
1135 1406 1260 1443 voce
1284 1389 1494 1444 ciemus.
2066 1374 2068 1439 4

229 1461 335 1517 Sex
357 1462 533 1531 etiam,
557 1466 654 1517 aut
677 1464 876 1532 septem
898 1459 1015 1514 loca
1036 1459 1150 1515 vidi
1172 1458 1387 1513 reddere
1410 1475 1574 1526 voces,

231 1532 407 1587 Unam
430 1549 595 1602 quum
611 1533 838 1602 jaceres:
872 1530 952 1583 ita
975 1530 1131 1584 colles
1155 1528 1375 1582 collibus
1397 1528 1502 1598 ipsi
1807 1529 1914 1579 680

232 1600 407 1656 Verba
427 1601 753 1671 repulsantes
776 1599 1038 1653 iterabant
1062 1599 1206 1652 dicta
1226 1598 1422 1652 referri.

302 1670 435 1724 Haec
457 1671 571 1725 loca
593 1669 895 1741 capripedes
918 1668 1129 1738 Satyros
1151 1667 1527 1737 Nymphasque
1549 1670 1727 1720 tenere

234 1739 475 1793 Finitimi
497 1738 725 1808 fingunt,
748 1743 803 1793 et
826 1739 1035 1793 Faunos
1059 1754 1170 1790 esse
1190 1737 1481 1806 loquuntur
1493 1755 1509 1802 ;

235 1808 469 1873 Quorum
490 1808 768 1875 noctivago
791 1808 1016 1877 strepitu
1038 1806 1267 1874 ludoque
1281 1806 1486 1875 jocenti

233 1875 515 1930 Affirmant
536 1876 697 1944 vulgo
719 1877 987 1929 taciturna
1009 1875 1220 1929 silentia
1240 1876 1430 1945 rumpi,

235 1943 559 1998 Chordarum
592 1961 661 1997 ue
685 1960 834 1997 sonos
855 1943 970 1997 fieri
993 1943 1276 2013 dulcesque
1300 1944 1551 2014 querelas,

230 2012 388 2066 'tibia
410 2026 538 2081 quas
660 2011 742 2065 dit
764 2012 820 2065 di
859 2012 946 2066 'tis
968 2013 1181 2082 pulsata
1204 2019 1515 2066 canentum:

235 2081 310 2134 Et
331 2097 500 2150 genus
619 2081 813 2135 ‘colt'im
888 2086 944 2136 te
967 2082 1259 2149 sentiscere,
1283 2099 1449 2150 quum
1473 2082 1588 2136 Pan

236 2149 403 2205 Pinea
425 2166 480 2204 se
537 2150 550 2163 ‘
577 2150 653 2204 eri
675 2151 863 2221 capitis
885 2150 1149 2206 velamina
1171 2167 1438 2220 quassans,

238 2218 386 2300 Πρω
410 2235 546 2301 saepe
569 2218 713 2273 labro
737 2220 962 2275 calamos
984 2220 1244 2290 percurrit
1266 2219 1490 2287 hiantes,
1813 2219 1913 2271 690

237 2286 445 2343 Fistula
469 2287 757 2342 silvestrem
780 2306 848 2342 ne
872 2294 1037 2343 cesset
1059 2288 1281 2343 fundere
1303 2305 1525 2344 musam.

239 2356 425 2411 Cetera
447 2358 513 2411 de
535 2374 725 2425 genere
748 2358 846 2411 hoc
868 2363 1102 2411 monstra
1124 2374 1188 2411 ac
1211 2362 1456 2426 portenta
1477 2356 1778 2426 loquuntur,

237 2424 321 2477 Ne
342 2425 458 2479 loca
480 2425 684 2479 deserta
705 2424 773 2480 ab
795 2426 932 2478 divis
955 2441 1161 2494 quoque
1183 2426 1317 2478 forte
1340 2431 1596 2494 putentur

239 2491 363 2545 Sola
384 2499 590 2559 tenere;
623 2494 741 2547 ideo
755 2495 967 2562 jactant
989 2493 1244 2545 miracula
1267 2492 1451 2546 dictis}

239 2558 354 2612 Aut
375 2560 553 2630 aliqua
574 2563 777 2615 ratione
800 2560 903 2613 alio
927 2561 1212 2626 ducuntur,
1237 2566 1299 2613 ut
1321 2576 1475 2614 omne

242 2625 556 2681 Humanum
579 2646 746 2698 genus
768 2634 847 2682 est
871 2627 1089 2682 avidum
1110 2627 1267 2679 nimis
1289 2628 1658 2682 auricularum.
