2084 3000
162 189 270 240 226
484 170 490 175 ’
777 181 836 237 Τ.
871 180 1207 237 LUGRETII

169 285 445 342 Poenibat’
465 284 624 355 paulo
645 290 766 356 post
788 284 933 366 turpi
954 289 1123 337 morte
1143 282 1406 353 malaque}
1718 288 1849 338 1240

170 358 430 424 Desa-tos,
453 355 566 423 opis
590 360 848 425 expertes,
869 353 1079 407 incuria
1100 358 1354 407 mactans.

172 426 277 491 Qui
297 424 511 478 fuerant
534 430 714 477 autem
736 428 939 493 praesto,
963 422 1274 491 contagibus
1296 422 1450 477 ibant

172 496 351 563 Atque
372 494 564 560 labore,
588 492 758 562 pudor
780 509 940 562 quem
962 497 1082 544 tum
1105 491 1326 561 cogebat
1348 491 1506 561 obire,

172 563 486 632 Blandaque
510 562 765 615 lassorum
787 578 907 628 vox,
930 561 1107 614 mixta
1128 578 1255 615 voce
1278 562 1518 631 querelae.

172 633 418 703 Optimus
442 631 541 684 hoc
564 631 662 684 leti
683 648 852 700 genus
875 647 998 699 ergo
1023 646 1061 699 q
1180 648 1244 684 ue
1271 630 1498 685 subibat.

243 703 416 769 Inque
439 701 557 754 aliis
581 701 747 753 alium
768 699 1026 770 populum
1050 647 1268 769 ειὲιέἒῑίτθ
1295 717 1511 754 suorum

174 770 464 839 CertanteS,
486 769 718 824 lacrimis
739 769 865 822 lassi
888 769 1145 837 luctuque
1167 769 1427 826 redibant.

173 839 312 893 Inde
334 839 527 893 bonam
549 845 754 909 partem
777 838 837 891 in
859 839 1059 891 lectum
1080 855 1297 892 moerore
1319 839 1612 893 dabantur:

173 908 287 962 Nec
309 914 519 979 poterat
542 909 823 977 quisquam
845 908 1078 976 reperiri,
1104 924 1261 976 quem
1285 925 1456 976 neque
1477 907 1703 974 morbuS,

171 978 287 1033 Nec
309 983 464 1045 mors,
488 995 587 1031 nec
609 978 787 1030 luctus
809 981 1045 1030 tentaret
1067 983 1302 1046 tempore
1324 979 1438 1032 tali.
1721 979 1856 1029 1250

245 1045 509 1100 Praetere‘a
523 1048 640 1115 jam
663 1052 855 1115 pastor,
879 1051 934 1097 et
957 1046 1307 1098 armentarius
1331 1047 1515 1114 omnis,

175 1115 249 1169 Et
270 1117 515 1169 robustus
538 1116 668 1167 item
692 1114 841 1167 curvi
863 1113 1161 1167 moderator
1182 1116 1346 1167 aratri

176 1183 518 1253 Languebat3
552 1183 870 1253 penitusque
893 1183 1027 1236 casis
1052 1189 1299 1237 contrusa
1314 1183 1567 1253 jacebant

176 1254 416 1324 Corpora,
440 1258 754 1323 paupertate
777 1258 833 1306 et
855 1252 1036 1305 morbo
1061 1252 1242 1307 dedita
1263 1255 1439 1307 morti.

176 1323 454 1377 Exanimis
476 1322 652 1392 pueris
676 1339 832 1391 super
855 1322 1160 1375 exanimata
1184 1329 1467 1391 parentum

181 1392 407 1461 Corpora
430 1408 808 1459 nonnunquam
831 1408 1004 1461 posses
1027 1397 1269 1459 retroque
1292 1391 1471 1444 videre

177 1460 444 1515 Matribus
467 1467 523 1514 et
545 1460 784 1531 patribus
808 1466 961 1514 natos
985 1476 1143 1530 super
1165 1459 1317 1514 edere
1340 1461 1523 1515 vitam.

257 1531 371 1584 Nec
391 1532 668 1584 minimam
690 1535 897 1599 partem
921 1547 989 1583 ex
1013 1530 1153 1597 agris
1177 1547 1364 1582 moeror
1385 1532 1432 1582 is
1454 1531 1512 1582 in
1536 1530 1721 1583 urbem

181 1599 463 1667 Confluxit‚
487 1600 744 1668 languens
767 1615 925 1667 quem
949 1599 1178 1651 contulit
1201 1599 1550 1666 agricolarum

182 1669 361 1739 Copia,
386 1669 702 1722 conveniens
725 1685 793 1720 ex
817 1667 962 1720 omni
982 1665 1221 1720 morbida
1244 1674 1410 1737 parte.
1727 1671 1871 1722 1260

182 1737 373 1791 Omnia
396 1737 689 1791 condebant
711 1737 827 1790 loca
849 1741 1110 1806 tectaque,
1136 1753 1237 1805 quo
1259 1737 1428 1806 magis
1452 1740 1586 1790 aestu

183 1806 453 1861 Confertos
475 1807 555 1860 ita
578 1807 864 1861 acervatim
885 1823 1024 1860 mors
1048 1805 1428 1860 accumulabat.
1593 1822 1598 1827 ·

251 1876 431 1929 Multa
454 1877 545 1929 siti
566 1882 828 1945 prostrata
850 1876 993 1929 viam
1015 1892 1111 1945 per
1133 1893 1329 1945 proque
1352 1876 1533 1929 voluta

185 1944 426 2014 Corpora,
449 1945 642 1998 silanos
665 1945 733 1998 ad
757 1961 1014 2026 aquarum
1038 1951 1222 2012 strata,
1238 1944 1504 2014 jacebant,

185 2013 479 2068 Interclusa
502 2014 681 2066 anima
701 2013 868 2066 nimia
891 2012 958 2066 ab
982 2012 1258 2067 dulcedine
1280 2030 1550 2083 aquarum.

184 2082 464 2165 Multaque
486 2094 580 2151 per
599 2081 783 2164 populi
806 2082 999 2150 passim
1021 2081 1139 2136 loca
1161 2089 1405 2153 prompta
1428 2083 1641 2150 viasque

185 2152 464 2220 Languida
488 2151 793 2204 semianimo
817 2169 939 2205 cum
963 2167 1176 2221 corpore
1199 2153 1434 2218 membra
1457 2152 1678 2218 videreS‚

186 2221 418 2274 Horrida
441 2220 658 2303 paedore,
682 2226 737 2274 et
796 2222 949 2274 annis
972 2222 1407 2289 coopertaxperire

191 2290 662 2358 Corporis‘illuvie:
699 2308 765 2359 pe
787 2290 853 2342 lis
876 2306 1034 2360 super
1058 2289 1259 2341 ossibus
1282 2307 1406 2357 una,

187 2357 465 2411 Ulceribus
489 2359 640 2411 tetris
662 2376 823 2429 prope
838 2361 953 2428 jam
977 2357 1117 2411 sordi
1153 2375 1219 2410 ue
1242 2358 1463 2428 sepulta.
1730 2359 1878 2414 1270

260 2425 452 2480 Omnia
475 2427 700 2497 denique
723 2434 906 2480 sancta
929 2426 1089 2479 desim
1114 2375 1333 2486 delubra
1354 2427 1582 2496 replerat

190 2493 501 2561 Corporibus
523 2512 662 2549 mors
687 2496 958 2562 exanimis,
983 2512 1141 2547 onera
1233 2512 1302 2548 ue
1326 2495 1521 2565 passim

191 2562 393 2616 Cuncta
415 2563 756 2619 cadaveribus
780 2563 1051 2617 coelestium
1075 2570 1218 2633 temp
1295 2563 1596 2632 manebant,

794 2673 814 2703 1
841 2666 1061 2715 Poenibus5
1091 2666 1188 2707 MS.
