2084 3000
191 195 293 252 182
813 198 870 252 Τ.
907 197 1244 252 LUORETII
1295 189 1300 194 ’

190 301 366 368 Atque
389 303 672 370 potestates
694 316 913 369 magnas
934 300 1196 368 mirasque
1218 298 1530 367 relinquunt

190 370 257 423 In
279 370 434 424 rebus
457 370 593 423 vires
615 368 815 437 divum,
839 385 956 437 quse
979 375 1173 421 cuncta
1194 366 1524 436 gubernent?

332 485 776 553 Quemadmodum
818 505 1030 555 annm,
1078 496 1370 558 arqentwm,
1418 487 1710 558 plumbum,

824 566 1085 627 repertum
1116 558 1200 612 eit.

261 640 413 706 Quod
447 647 698 712 superest,
732 659 804 697 ses
837 648 999 712 atque
1033 660 1226 696 aurum
1258 643 1561 712 ferrumque
1592 648 1881 766 τερθιὲιέὄ

328 717 408 763 est
780 735 785 738 -
1045 725 1050 730 ’

188 777 261 831 Et
285 752 442 832 simul
465 780 670 849 argenti
693 780 898 850 pondus
920 780 1229 849 plumbique
1252 785 1515 850 potestas:

191 847 338 915 Ignis
361 849 454 902 ubi
477 849 716 918 ingentes
741 849 897 902 silvas
920 850 1105 902 ardore
1126 855 1383 902 cremarat

189 916 466 971 Montibus
489 918 547 969 in
569 918 788 986 magnis,
812 934 909 971 ceu
931 918 1051 971 coeli
1071 918 1294 971 fulmine
1315 918 1503 983 misso;

188 984 311 1038 Sive
372 986 490 1068 uod,
513 986 655 1039 inter
676 1004 731 1039 se
753 986 951 1040 bellum
976 987 1214 1041 silvestre
1236 993 1490 1055 gerentem

189 1052 347 1106 Hosti
385 1072 445 1108 us
466 1054 759 1107 intulerant
780 1055 960 1123 ignem
981 1056 1276 1109 formidinis
1299 1072 1452 1124 erg03

187 1120 310 1174 Sive
334 1122 490 1190 quod,
511 1122 720 1175 inducti
745 1130 897 1176 terroe
920 1123 1173 1192 bonitate,
1197 1123 1446 1179 volebant

187 1189 425 1245 Pandere
446 1208 599 1273 agros
621 1191 858 1260 pingues,
882 1197 937 1245 et
960 1210 1157 1261 pascua
1178 1193 1393 1247 reddere
1413 1209 1568 1257 rura-3

186 1257 308 1313 Sive
330 1260 467 1314 feras
489 1260 796 1329 mterficere,
820 1267 876 1315 et
897 1262 1150 1315 ditescere
1172 1262 1375 1332 praeda:

185 1327 239 1380 N
238 1345 327 1381 am
347 1329 500 1384 fovea
522 1346 556 1383 a
616 1347 683 1383 ue
705 1330 820 1400 igni
843 1331 991 1400 prius
1013 1336 1095 1383 est
1118 1331 1356 1385 venarier
1378 1335 1572 1398 ortum,

187 1396 359 1481 Quam
382 1416 437 1452 se
473 1398 550 1452 ire
572 1417 609 1469 p
701 1400 714 1412 ‘
767 1400 977 1466 saltum,
1001 1399 1321 1468 canibusque
1344 1399 1493 1453 ciere.
1721 1403 1864 1453 1250

186 1466 441 1590 IQIIdJrffibili
464 1538 642 1592 sonitu
665 1486 822 1593 silvas
845 1538 1092 1592 exederat
1115 1538 1242 1592 altis

184 1603 270 1657 Ab
291 1606 569 1676 radicibus,
593 1612 648 1661 et
671 1614 865 1661 terram
888 1614 1196 1677 percoxerat
1216 1607 1364 1675 igni;

183 1671 441 1730 Manabat
463 1676 610 1729 venis
631 1677 958 1730 ferventibus
978 1677 1038 1729 in
1061 1677 1177 1753 loca
1197 1682 1352 1730 terro

184 1741 425 1798 Concava
446 1746 760 1799 conveniens
780 1746 987 1814 argenti
1009 1746 1156 1799 rivus
1179 1752 1235 1799 et
1257 1745 1391 1813 auri,

182 1810 323 1865 AEris
345 1813 475 1866 item
497 1819 554 1866 et
577 1814 807 1883 plumbi:
846 1831 963 1883 quae
987 1832 1151 1884 quum
1174 1821 1418 1868 concreta
1440 1813 1693 1869 videbant

182 1879 448 1934 Posterius
470 1880 611 1935 claro
632 1883 692 1935 in
714 1883 868 1936 terris
891 1884 1165 1952 splendere
1187 1883 1370 1952 colore,

181 1949 458 2003 Tollebant
479 1950 650 2002 nitido
674 1951 816 2032 capti
839 1951 1061 2020 laevique
1085 1953 1135 2005 le
1200 1969 1289 2018 re;

179 2017 255 2071 Et
277 2018 437 2071 simili
457 2018 685 2071 formata
708 2017 960 2073 videbant
983 2038 1093 2074 esse
1153 2037 1303 2090 gura,

181 2087 355 2156 Atque
377 2087 689 2139 lacunarum
709 2087 924 2141 fuerant
947 2089 1173 2158 vestigia
1196 2091 1400 2159 cuique.
1715 2094 1849 2143 1260

179 2156 315 2208 Tum
405 2153 648 2208 netrabat
670 2172 770 2224 eos,
794 2173 943 2226 posse
964 2157 1095 2227 haec,
1119 2158 1404 2227 liquefacta
1426 2158 1609 2226 calore,

180 2173 483 2290 Quamffbet
504 2224 563 2276 in
586 2224 809 2279 formam
832 2231 887 2279 et
910 2226 1102 2280 faeiem
1126 2227 1399 2281 decurrere
1421 2245 1611 2295 rerum,

177 2292 251 2347 Et
273 2311 513 2364 prorsum
536 2294 775 2363 quamvis
798 2295 857 2348 in
880 2300 1038 2348 acuta
1060 2313 1124 2349 ac
1147 2297 1333 2350 tenuia
1355 2313 1505 2365 posse

177 2361 495 2416 Mucronum
518 2363 642 2416 duci
665 2363 880 2482 fufiffb
902 2364 1267 2431 procudendo;

178 2430 254 2483 Ut
278 2431 378 2482 sibi
402 2431 510 2483 tela
532 2437 735 2498 parent,
761 2432 802 2483 s'
827 2448 1022 2498 vasque
1047 2442 1101 2484 et
1122 2433 1321 2485 caedere
1343 2433 1560 2501 possint,

175 2495 555 2566 Materiemque
579 2498 770 2565 dolare,
793 2498 984 2550 laevare
1006 2516 1071 2551 ae
1091 2500 1274 2552 radere
1296 2500 1462 2567 tigna,

174 2562 247 2615 Et
270 2564 532 2617 terebrare
553 2566 732 2632 etiam,
755 2581 818 2618 ac
842 2565 1162 2632 pertundere
1184 2583 1381 2633 perque
1403 2568 1587 2620 forare.

172 2628 285 2682 Nec
308 2632 485 2682 minus
508 2639 727 2699 argento
750 2633 921 2685 faeere
944 2632 1059 2683 haec
1082 2649 1313 2698 auroque
1336 2634 1610 2701 parabant,

175 2696 346 2758 Quam
369 2698 533 2751 validi
557 2700 788 2768 primum
810 2698 1056 2752 violentis
1080 2699 1281 2752 viribus
1303 2701 1449 2754 seris:

367 1468 421 1521 ui
479 1468 536 1522 id
559 1474 655 1539 est,
712 1485 1008 1539 uacumque
1031 1485 1062 1522 e
1085 1485 1245 1523 causa
1266 1468 1541 1523 flammeus
1561 1468 1716 1522 ardor
