2084 3000
763 200 980 254 LIBER
1015 200 1338 264 QUINTUS.
1790 206 1889 255 169

204 301 368 354 'l'erra
393 300 541 352 dedit
565 300 761 352 circum
785 300 971 364 colles;
1008 318 1318 369 camposque
1342 317 1436 369 per
1458 318 1637 355 omnes

206 370 426 421 Florida
448 369 711 421 fulserunt
736 369 986 421 viridanti
1009 377 1164 437 prata
1186 371 1381 423 colore:

205 437 600 505 Arboribusque
623 437 810 489 datum
834 445 913 490 est
936 439 1096 490 variis
1122 439 1312 491 exinde
1336 456 1429 507 per
1452 456 1606 492 auras

207 507 486 558 Crescendi
508 523 760 573 magnum
785 507 1028 558 immissis
1054 513 1318 559 certamen
1341 507 1574 576 habenis.
1650 556 1652 560 ,

206 575 285 627 Ut
310 575 492 642 pluma
515 580 673 643 atque
698 575 796 644 pili
818 575 1048 642 primum
1073 581 1299 643 setaeque
1324 583 1568 629 creantur

208 643 621 712 Quadrupedum
643 643 890 695 membris
915 649 969 696 et
993 661 1204 711 corpore
1227 645 1699 712 pennipotentum3

206 712 297 765 Sic
323 729 458 764 nova
482 718 598 766 tum
621 712 777 764 tellus
801 712 990 764 herbas
1014 711 1348 779 virgultaque
1373 713 1602 780 primum

206 780 467 833 Sustulit:
503 781 628 833 inde
651 780 752 832 loci
774 781 1019 833 mortalia
1045 781 1197 833 saecla
1221 782 1419 833 creavit

191 848 386 914 ,Multa
408 849 576 900 modis
599 849 797 916 multia
821 850 967 903 varia
990 850 1194 902 ratione
1218 855 1407 903 coorta.
1782 851 1883 905 790

205 917 349 969 Nam
371 934 539 985 neque
563 918 628 970 de
652 918 780 971 coelo
805 918 1053 970 cecidisse
1076 918 1331 970 animalia
1354 923 1586 987 possunt,
1623 921 1628 926 ’

205 986 324 1037 Nee
346 986 614 1039 terrestria
637 987 701 1038 de
727 986 876 1038 salsis
900 987 1069 1040 exisse
1091 987 1309 1039 lacunis.

207 1053 507 1121 Linquitur,
532 1061 594 1106 ut
616 1056 804 1108 merito
826 1061 1125 1109 maternum
1148 1073 1339 1108 nomen
1361 1056 1556 1125 adepta

206 1122 369 1178 'l'erra
392 1124 476 1190 sit,
492 1140 522 1175 e
544 1130 686 1176 terra
712 1124 957 1190 quoniam
982 1131 1108 1179 sunt
1132 1131 1322 1177 cuncta
1347 1136 1537 1178 creata.

207 1190 487 1259 Multaque
510 1209 651 1245 nunc
676 1193 839 1245 etiam
862 1195 1128 1247 exsistunt
1150 1194 1401 1246 animalia
1425 1194 1593 1261 terris,

207 1259 472 1312 Imbribus
495 1265 551 1313 et
573 1261 741 1313 calido
767 1262 888 1314 solis
910 1268 1155 1316 concreta
1177 1279 1383 1331 vapore.

205 1329 326 1392 Quo
348 1330 524 1382 minus
547 1336 626 1382 est
649 1331 857 1396 mirum,
883 1331 927 1383 si
950 1338 1068 1384 tum
1092 1338 1216 1383 sunt
1239 1332 1395 1399 plura
1419 1337 1595 1385 coorta

207 1397 283 1450 Et
306 1400 519 1466 majora,
544 1416 682 1451 nova
705 1399 893 1451 tellure
917 1406 1077 1468 atque
1102 1400 1295 1452 aethere
1318 1400 1517 1452 adulto·

276 1467 557 1536 Principi0‚
582 1485 748 1537 genus
771 1468 1012 1536 alituum,
1037 1469 1303 1538 variaeque
1326 1470 1560 1523 volucres

207 1537 321 1589 Ova
343 1537 707 1605 relinquebant
732 1537 954 1591 exolusae
978 1545 1212 1607 tempore
1237 1556 1421 1593 verno:
1778 1543 1879 1592 800

205 1603 490 1658 Folliculos
516 1611 578 1658 ut
600 1623 743 1659 nunc
767 1612 957 1660 teretes
982 1615 1166 1660 aestate
1191 1608 1385 1661 cieadae

204 1673 480 1742 Linquunt
504 1680 688 1744 sponte
712 1691 821 1741 sua,
846 1676 1050 1728 vietum
1073 1676 1341 1743 vitamque
1364 1682 1617 1745 petentes.

205 1742 343 1794 Tum
367 1742 468 1795 tibi
492 1750 631 1795 terra
655 1743 802 1796 dedit
824 1745 1057 1812 primum
1078 1745 1323 1797 mortalia
1346 1744 1530 1798 saecla:

205 1811 416 1864 Multus
440 1812 581 1863 enim
607 1811 748 1864 calor
771 1819 929 1880 atque
952 1814 1143 1866 humor
1165 1812 1445 1882 superabat
1468 1814 1525 1865 in
1548 1814 1701 1867 arvis·

206 1879 338 1946 Hoc,
361 1878 454 1932 ubi
478 1897 696 1949 quaeque
718 1881 820 1933 loci
841 1882 985 1949 regio
1009 1900 1039 1935 0
1078 1889 1303 1952 portuna
1327 1881 1567 1950 dabatur,

207 1947 519 2001 crescebant
542 1950 681 2001 uteri
705 1956 855 2002 terrae
877 1952 1043 2004 radici
1083 1970 1141 2004 us
1164 1952 1306 2021 apti:

207 2017 346 2081 Quos
369 2017 462 2069 ubi
485 2024 718 2087 tempore
740 2026 947 2077 maturo
970 2022 1291 2088 patefecerat
1315 2025 1441 2074 aetas

206 2085 497 2152 Infantum,
520 2086 731 2153 fugiens
753 2087 1040 2156 humorem,
1066 2107 1322 2158 aurasque
1346 2089 1614 2159 petissens,

207 2154 553 2207 convertebat
576 2155 652 2206 ibi
674 2162 866 2209 natura
890 2157 1148 2210 foramina
1171 2163 1339 2225 terrae,

205 2222 278 2274 Et
301 2239 514 2275 succum
538 2223 685 2276 venis
710 2224 929 2291 cogebat
953 2226 1175 2278 fundere
1198 2226 1394 2295 apertis
1778 2229 1879 2279 810

209 2291 543 2344 consimilem
566 2291 746 2345 laetis:
785 2294 924 2345 sicut
951 2311 1096 2346 nunc
1119 2295 1318 2348 femina
1342 2312 1578 2364 quaeque,

117 2371 120 2374 ’
209 2359 385 2422 Quum
409 2360 628 2441 peperit,
654 2361 798 2413 dulei
821 2362 1054 2429 repletur
1077 2362 1228 2428 lacte,
1254 2364 1395 2432 quod
1418 2382 1586 2417 omnis

208 2428 444 2497 Impetus
467 2446 525 2481 m
548 2446 802 2482 mammas
827 2431 1152 2485 convertitur
1173 2431 1264 2484 ille
1288 2433 1542 2485 alimenti.

206 2497 364 2548 Terra
387 2497 563 2549 cibum
585 2498 776 2566 pueris,
802 2505 1000 2551 vestem
1022 2517 1199 2568 vapor,
1224 2500 1385 2553 herba
1408 2500 1581 2554 cubile

207 2563 493 2632 Praebebat,
517 2566 688 2618 multa
711 2572 766 2619 et
788 2567 935 2619 molli
960 2568 1212 2636 lanugine
1235 2568 1523 2622 abundans.

274 2633 349 2686 At
371 2634 579 2686 novitas
601 2635 787 2686 mundi
810 2652 906 2687 nec
928 2636 1126 2704 frigora
1149 2637 1282 2689 dura
1305 2637 1491 2702 ciebat,

206 2701 317 2756 Nee
340 2702 529 2756 nimios
553 2708 724 2771 aestus,
747 2720 846 2757 nec
868 2705 1077 2772 magnis
1100 2705 1299 2758 viribus
1322 2720 1492 2758 auras.
