<?xml version="1.0" encoding="UTF-8"?>
<!DOCTYPE html PUBLIC "-//W3C//DTD XHTML 1.0 Transitional//EN"
    "http://www.w3.org/TR/xhtml1/DTD/xhtml1-transitional.dtd">
<html xmlns="http://www.w3.org/1999/xhtml" xml:lang="en" lang="en">
 <head>
  <title>
</title>
<meta http-equiv="Content-Type" content="text/html;charset=utf-8" />
  <meta name='ocr-system' content='tesseract 3.04.00' />
  <meta name='ocr-capabilities' content='ocr_page ocr_carea ocr_par ocr_line ocrx_word'/>
</head>
<body>
  <div class='ocr_page' id='page_1' title='image "./tlucretiicaride04carugoog_0134.png"; bbox 0 0 2084 3000; ppageno 0'>
   <div class='ocr_carea' id='block_1_1' title="bbox 270 206 1328 261">
    <p class='ocr_par' dir='ltr' id='par_1_1' title="bbox 270 206 1328 261">
     <span class='ocr_line' id='line_1_1' title="bbox 270 206 1328 261; baseline 0 0"><span class='ocrx_word' id='word_1_1' title='bbox 270 210 372 261; x_wconf 81' lang='lat'><strong>114</strong></span> <span class='ocrx_word' id='word_1_2' title='bbox 900 206 957 259; x_wconf 78' lang='grc' dir='ltr'><strong>Τ.</strong></span> <span class='ocrx_word' id='word_1_3' title='bbox 994 206 1328 261; x_wconf 81' lang='lat' dir='ltr'>LUORETII</span> 
     </span>
    </p>
   </div>
   <div class='ocr_carea' id='block_1_2' title="bbox 235 307 1703 2167">
    <p class='ocr_par' dir='ltr' id='par_1_2' title="bbox 235 307 1703 2167">
     <span class='ocr_line' id='line_1_2' title="bbox 265 307 1670 380; baseline 0.001 -18"><span class='ocrx_word' id='word_1_4' title='bbox 265 308 469 378; x_wconf 74' lang='lat' dir='ltr'><strong>Fertur,</strong></span> <span class='ocrx_word' id='word_1_5' title='bbox 493 314 547 363; x_wconf 86' lang='lat' dir='ltr'><strong>et</strong></span> <span class='ocrx_word' id='word_1_6' title='bbox 569 309 627 362; x_wconf 90' lang='lat' dir='ltr'><strong>in</strong></span> <span class='ocrx_word' id='word_1_7' title='bbox 649 312 866 361; x_wconf 81' lang='lat' dir='ltr'><strong>cunctas</strong></span> <span class='ocrx_word' id='word_1_8' title='bbox 890 307 1181 363; x_wconf 89' lang='lat' dir='ltr'><strong>dimittitur</strong></span> <span class='ocrx_word' id='word_1_9' title='bbox 1205 311 1436 379; x_wconf 87' lang='lat' dir='ltr'><strong>undique</strong></span> <span class='ocrx_word' id='word_1_10' title='bbox 1461 316 1634 380; x_wconf 79' lang='lat' dir='ltr'><strong>partes</strong></span> <span class='ocrx_word' id='word_1_11' title='bbox 1655 329 1670 376; x_wconf 80' lang='lat'><em>3</em></span> 
     </span>
     <span class='ocr_line' id='line_1_3' title="bbox 264 377 1648 446; baseline 0.001 -15"><span class='ocrx_word' id='word_1_12' title='bbox 264 377 376 431; x_wconf 79' lang='lat' dir='ltr'><strong>Nec</strong></span> <span class='ocrx_word' id='word_1_13' title='bbox 399 395 558 446; x_wconf 80' lang='lat' dir='ltr'><strong>mora,</strong></span> <span class='ocrx_word' id='word_1_14' title='bbox 581 394 679 430; x_wconf 88' lang='lat' dir='ltr'><strong>nec</strong></span> <span class='ocrx_word' id='word_1_15' title='bbox 701 377 907 445; x_wconf 77' lang='lat' dir='ltr'>requies</span> <span class='ocrx_word' id='word_1_16' title='bbox 930 378 1073 430; x_wconf 88' lang='lat' dir='ltr'><strong>inter</strong></span> <span class='ocrx_word' id='word_1_17' title='bbox 1095 379 1255 432; x_wconf 84' lang='lat' dir='ltr'><strong>datur</strong></span> <span class='ocrx_word' id='word_1_18' title='bbox 1277 379 1390 432; x_wconf 68' lang='lat' dir='ltr'><strong>ulla</strong></span> <span class='ocrx_word' id='word_1_19' title='bbox 1410 379 1612 432; x_wconf 84' lang='lat' dir='ltr'><strong>fluendi</strong></span> <span class='ocrx_word' id='word_1_20' title='bbox 1634 399 1648 434; x_wconf 74' lang='grc' dir='ltr'><em>τ</em></span> 
     </span>
     <span class='ocr_line' id='line_1_4' title="bbox 264 444 1594 518; baseline 0.003 -20"><span class='ocrx_word' id='word_1_21' title='bbox 264 444 524 515; x_wconf 85' lang='lat' dir='ltr'><strong>Perpetuo</strong></span> <span class='ocrx_word' id='word_1_22' title='bbox 584 446 797 498; x_wconf 86' lang='lat' dir='ltr'><strong>uoniam</strong></span> <span class='ocrx_word' id='word_1_23' title='bbox 820 447 1089 512; x_wconf 80' lang='lat' dir='ltr'><strong>sentimus,</strong></span> <span class='ocrx_word' id='word_1_24' title='bbox 1115 453 1170 500; x_wconf 89' lang='lat' dir='ltr'><strong>et</strong></span> <span class='ocrx_word' id='word_1_25' title='bbox 1193 449 1368 501; x_wconf 86' lang='lat' dir='ltr'><strong>omnia</strong></span> <span class='ocrx_word' id='word_1_26' title='bbox 1391 465 1594 518; x_wconf 80' lang='lat' dir='ltr'>semper</span> 
     </span>
     <span class='ocr_line' id='line_1_5' title="bbox 264 514 1402 582; baseline 0.003 -15"><span class='ocrx_word' id='word_1_27' title='bbox 264 515 497 582; x_wconf 79' lang='lat' dir='ltr'><strong>Cernere,</strong></span> <span class='ocrx_word' id='word_1_28' title='bbox 589 515 723 567; x_wconf 86' lang='lat' dir='ltr'><strong>orari</strong></span> <span class='ocrx_word' id='word_1_29' title='bbox 747 514 885 578; x_wconf 90' lang='lat' dir='ltr'><strong>licet,</strong></span> <span class='ocrx_word' id='word_1_30' title='bbox 912 521 966 567; x_wconf 90' lang='lat' dir='ltr'><strong>et</strong></span> <span class='ocrx_word' id='word_1_31' title='bbox 990 516 1184 568; x_wconf 83' lang='lat' dir='ltr'><strong>sentire</strong></span> <span class='ocrx_word' id='word_1_32' title='bbox 1209 533 1402 570; x_wconf 77' lang='lat' dir='ltr'><strong>sonare.</strong></span> 
     </span>
     <span class='ocr_line' id='line_1_6' title="bbox 332 583 1590 653; baseline 0.002 -17"><span class='ocrx_word' id='word_1_33' title='bbox 332 583 605 652; x_wconf 71' lang='lat' dir='ltr'><strong>Praeterea,</strong></span> <span class='ocrx_word' id='word_1_34' title='bbox 631 584 879 651; x_wconf 84' lang='lat' dir='ltr'><strong>quoniam</strong></span> <span class='ocrx_word' id='word_1_35' title='bbox 901 584 1144 636; x_wconf 82' lang='lat' dir='ltr'><strong>manibus</strong></span> <span class='ocrx_word' id='word_1_36' title='bbox 1169 590 1398 638; x_wconf 88' lang='lat' dir='ltr'><strong>tractata</strong></span> <span class='ocrx_word' id='word_1_37' title='bbox 1419 584 1590 653; x_wconf 86' lang='lat' dir='ltr'><strong>figura</strong></span> 
     </span>
     <span class='ocr_line' id='line_1_7' title="bbox 262 652 1703 723; baseline 0.002 -19"><span class='ocrx_word' id='word_1_38' title='bbox 262 652 327 706; x_wconf 89' lang='lat' dir='ltr'><strong>In</strong></span> <span class='ocrx_word' id='word_1_39' title='bbox 350 653 579 706; x_wconf 78' lang='lat' dir='ltr'><strong>tenebris</strong></span> <span class='ocrx_word' id='word_1_40' title='bbox 638 652 857 719; x_wconf 72' lang='lat' dir='ltr'><strong>uaedam,</strong></span> <span class='ocrx_word' id='word_1_41' title='bbox 882 653 1210 720; x_wconf 79' lang='lat' dir='ltr'>cognoscitur</span> <span class='ocrx_word' id='word_1_42' title='bbox 1233 670 1343 706; x_wconf 81' lang='lat' dir='ltr'><strong>esse</strong></span> <span class='ocrx_word' id='word_1_43' title='bbox 1367 655 1563 721; x_wconf 83' lang='lat' dir='ltr'><strong>eadem,</strong></span> <span class='ocrx_word' id='word_1_44' title='bbox 1587 671 1703 723; x_wconf 81' lang='lat' dir='ltr'><strong>quae</strong></span> 
     </span>
     <span class='ocr_line' id='line_1_8' title="bbox 261 721 1596 786; baseline 0.001 -12"><span class='ocrx_word' id='word_1_45' title='bbox 261 721 504 775; x_wconf 78' lang='lat' dir='ltr'>Cernitur</span> <span class='ocrx_word' id='word_1_46' title='bbox 526 723 582 775; x_wconf 88' lang='lat' dir='ltr'><strong>in</strong></span> <span class='ocrx_word' id='word_1_47' title='bbox 628 739 724 775; x_wconf 86' lang='lat' dir='ltr'><strong>uce</strong></span> <span class='ocrx_word' id='word_1_48' title='bbox 748 727 802 776; x_wconf 90' lang='lat' dir='ltr'><strong>et</strong></span> <span class='ocrx_word' id='word_1_49' title='bbox 827 722 967 774; x_wconf 88' lang='lat' dir='ltr'><strong>claro</strong></span> <span class='ocrx_word' id='word_1_50' title='bbox 991 722 1215 774; x_wconf 78' lang='lat' dir='ltr'><strong>candore</strong></span> <span class='ocrx_word' id='word_1_51' title='bbox 1234 741 1249 786; x_wconf 83' lang='lat'>3</span> <span class='ocrx_word' id='word_1_52' title='bbox 1285 740 1492 776; x_wconf 80' lang='lat' dir='ltr'><strong>necesse</strong></span> <span class='ocrx_word' id='word_1_53' title='bbox 1516 730 1596 776; x_wconf 82' lang='lat' dir='ltr'><strong>est</strong></span> 
     </span>
     <span class='ocr_line' id='line_1_9' title="bbox 259 790 1466 861; baseline -0.002 -17"><span class='ocrx_word' id='word_1_54' title='bbox 259 790 527 844; x_wconf 77' lang='lat' dir='ltr'>Consimili</span> <span class='ocrx_word' id='word_1_55' title='bbox 550 808 707 845; x_wconf 78' lang='lat' dir='ltr'><strong>causa</strong></span> <span class='ocrx_word' id='word_1_56' title='bbox 730 796 935 843; x_wconf 86' lang='lat' dir='ltr'><strong>tactum</strong></span> <span class='ocrx_word' id='word_1_57' title='bbox 957 790 1233 861; x_wconf 80' lang='lat' dir='ltr'><strong>visumque</strong></span> <span class='ocrx_word' id='word_1_58' title='bbox 1256 792 1466 844; x_wconf 83' lang='lat' dir='ltr'><strong>moveri.</strong></span> 
     </span>
     <span class='ocr_line' id='line_1_10' title="bbox 257 858 1605 929; baseline -0.001 -16"><span class='ocrx_word' id='word_1_59' title='bbox 257 858 415 913; x_wconf 80' lang='lat' dir='ltr'><strong>Nunc</strong></span> <span class='ocrx_word' id='word_1_60' title='bbox 437 861 615 929; x_wconf 88' lang='lat' dir='ltr'><strong>igitur,</strong></span> <span class='ocrx_word' id='word_1_61' title='bbox 641 861 685 913; x_wconf 78' lang='lat' dir='ltr'><strong>si</strong></span> <span class='ocrx_word' id='word_1_62' title='bbox 709 859 1024 929; x_wconf 86' lang='lat' dir='ltr'><strong>quadratum</strong></span> <span class='ocrx_word' id='word_1_63' title='bbox 1049 865 1329 926; x_wconf 62' lang='lat' dir='ltr'><strong>tentamQ</strong></span> <span class='ocrx_word' id='word_1_64' title='bbox 1355 866 1409 913; x_wconf 92' lang='lat' dir='ltr'><strong>et</strong></span> <span class='ocrx_word' id='word_1_65' title='bbox 1433 859 1488 912; x_wconf 88' lang='lat' dir='ltr'><strong>id</strong></span> <span class='ocrx_word' id='word_1_66' title='bbox 1513 877 1605 912; x_wconf 78' lang='lat' dir='ltr'><strong>nos</strong></span> 
     </span>
     <span class='ocr_line' id='line_1_11' title="bbox 257 927 1603 998; baseline 0 -17"><span class='ocrx_word' id='word_1_67' title='bbox 257 928 556 987; x_wconf 71' lang='lat' dir='ltr'><strong>commovet</strong></span> <span class='ocrx_word' id='word_1_68' title='bbox 578 930 637 980; x_wconf 88' lang='lat' dir='ltr'><strong>in</strong></span> <span class='ocrx_word' id='word_1_69' title='bbox 661 927 916 991; x_wconf 77' lang='lat' dir='ltr'><strong>tenebris;</strong></span> <span class='ocrx_word' id='word_1_70' title='bbox 951 927 1008 978; x_wconf 92' lang='lat' dir='ltr'><strong>in</strong></span> <span class='ocrx_word' id='word_1_71' title='bbox 1031 927 1141 980; x_wconf 91' lang='lat' dir='ltr'><strong>luci</strong></span> <span class='ocrx_word' id='word_1_72' title='bbox 1164 945 1282 997; x_wconf 80' lang='lat' dir='ltr'><strong>quae</strong></span> <span class='ocrx_word' id='word_1_73' title='bbox 1306 928 1499 998; x_wconf 90' lang='lat' dir='ltr'><strong>poterit</strong></span> <span class='ocrx_word' id='word_1_74' title='bbox 1521 946 1603 981; x_wconf 78' lang='lat' dir='ltr'><strong>res</strong></span> 
     </span>
     <span class='ocr_line' id='line_1_12' title="bbox 255 995 1638 1071; baseline 0.001 -22"><span class='ocrx_word' id='word_1_75' title='bbox 255 998 505 1051; x_wconf 81' lang='lat' dir='ltr'><strong>Accidere</strong></span> <span class='ocrx_word' id='word_1_76' title='bbox 527 996 596 1050; x_wconf 81' lang='lat' dir='ltr'><strong>ad</strong></span> <span class='ocrx_word' id='word_1_77' title='bbox 620 996 860 1065; x_wconf 83' lang='lat' dir='ltr'><strong>speciem,</strong></span> <span class='ocrx_word' id='word_1_78' title='bbox 883 995 1144 1067; x_wconf 84' lang='lat' dir='ltr'><strong>quadrata</strong></span> <span class='ocrx_word' id='word_1_79' title='bbox 1167 997 1270 1049; x_wconf 84' lang='lat' dir='ltr'><strong>nisi</strong></span> <span class='ocrx_word' id='word_1_80' title='bbox 1294 1000 1406 1068; x_wconf 85' lang='lat' dir='ltr'><strong>ejus</strong></span> <span class='ocrx_word' id='word_1_81' title='bbox 1429 997 1638 1071; x_wconf 63' lang='lat' dir='ltr'><strong>imago?</strong></span> 
     </span>
     <span class='ocr_line' id='line_1_13' title="bbox 255 1063 1564 1147; baseline 0 -29"><span class='ocrx_word' id='word_1_82' title='bbox 255 1063 381 1119; x_wconf 76' lang='lat' dir='ltr'><strong>Esse</strong></span> <span class='ocrx_word' id='word_1_83' title='bbox 403 1066 461 1118; x_wconf 91' lang='lat' dir='ltr'><strong>in</strong></span> <span class='ocrx_word' id='word_1_84' title='bbox 484 1063 803 1132; x_wconf 75' lang='lat' dir='ltr'><strong>imaginibus</strong></span> <span class='ocrx_word' id='word_1_85' title='bbox 827 1070 1148 1147; x_wconf 83' lang='lat' dir='ltr'><strong>quapropter</strong></span> <span class='ocrx_word' id='word_1_86' title='bbox 1171 1082 1329 1119; x_wconf 83' lang='lat' dir='ltr'><strong>causa</strong></span> <span class='ocrx_word' id='word_1_87' title='bbox 1352 1066 1564 1120; x_wconf 82' lang='lat' dir='ltr'><strong>videtur</strong></span> 
     </span>
     <span class='ocr_line' id='line_1_14' title="bbox 255 1132 1578 1202; baseline 0.002 -16"><span class='ocrx_word' id='word_1_88' title='bbox 255 1132 525 1202; x_wconf 85' lang='lat' dir='ltr'><strong>Cernendi,</strong></span> <span class='ocrx_word' id='word_1_89' title='bbox 549 1150 721 1201; x_wconf 87' lang='lat' dir='ltr'><strong>neque</strong></span> <span class='ocrx_word' id='word_1_90' title='bbox 814 1150 892 1185; x_wconf 80' lang='lat' dir='ltr'><strong>see</strong></span> <span class='ocrx_word' id='word_1_91' title='bbox 916 1150 1026 1186; x_wconf 75' lang='lat' dir='ltr'><strong>alne</strong></span> <span class='ocrx_word' id='word_1_92' title='bbox 1051 1134 1134 1189; x_wconf 77' lang='lat' dir='ltr'><strong>his</strong></span> <span class='ocrx_word' id='word_1_93' title='bbox 1157 1151 1239 1187; x_wconf 79' lang='lat' dir='ltr'><strong>res</strong></span> <span class='ocrx_word' id='word_1_94' title='bbox 1262 1135 1376 1188; x_wconf 82' lang='lat' dir='ltr'><strong>ulla</strong></span> <span class='ocrx_word' id='word_1_95' title='bbox 1398 1135 1578 1188; x_wconf 80' lang='lat' dir='ltr'><strong>videri.</strong></span> 
     </span>
     <span class='ocr_line' id='line_1_15' title="bbox 321 1201 1648 1284; baseline 0.001 -30"><span class='ocrx_word' id='word_1_96' title='bbox 321 1201 478 1255; x_wconf 82' lang='lat' dir='ltr'><strong>Nunc</strong></span> <span class='ocrx_word' id='word_1_97' title='bbox 502 1219 579 1271; x_wconf 81' lang='lat' dir='ltr'><strong>ea,</strong></span> <span class='ocrx_word' id='word_1_98' title='bbox 605 1218 722 1284; x_wconf 73' lang='lat' dir='ltr'><strong>quae</strong></span> <span class='ocrx_word' id='word_1_99' title='bbox 783 1202 875 1268; x_wconf 88' lang='lat' dir='ltr'><strong>ico,</strong></span> <span class='ocrx_word' id='word_1_100' title='bbox 899 1219 1077 1255; x_wconf 90' lang='lat' dir='ltr'><strong>rerum</strong></span> <span class='ocrx_word' id='word_1_101' title='bbox 1101 1203 1380 1257; x_wconf 80' lang='lat' dir='ltr'><strong>simulacra</strong></span> <span class='ocrx_word' id='word_1_102' title='bbox 1403 1204 1648 1257; x_wconf 84' lang='lat' dir='ltr'><strong>feruntur</strong></span> 
     </span>
     <span class='ocr_line' id='line_1_16' title="bbox 252 1268 1627 1341; baseline 0.002 -17"><span class='ocrx_word' id='word_1_103' title='bbox 252 1268 514 1340; x_wconf 80' lang='lat' dir='ltr'><strong>Undique,</strong></span> <span class='ocrx_word' id='word_1_104' title='bbox 538 1279 593 1324; x_wconf 93' lang='lat' dir='ltr'><strong>et</strong></span> <span class='ocrx_word' id='word_1_105' title='bbox 615 1289 674 1323; x_wconf 81' lang='grc' dir='ltr'><strong>ιιι</strong></span> <span class='ocrx_word' id='word_1_106' title='bbox 697 1277 915 1324; x_wconf 81' lang='lat' dir='ltr'><strong>cunctas</strong></span> <span class='ocrx_word' id='word_1_107' title='bbox 930 1272 1209 1340; x_wconf 83' lang='lat' dir='ltr'><strong>jaciuntur</strong></span> <span class='ocrx_word' id='word_1_108' title='bbox 1232 1271 1402 1325; x_wconf 83' lang='lat' dir='ltr'><strong>didita</strong></span> <span class='ocrx_word' id='word_1_109' title='bbox 1425 1279 1627 1341; x_wconf 81' lang='lat' dir='ltr'><strong>partes:</strong></span> 
     </span>
     <span class='ocr_line' id='line_1_17' title="bbox 251 1337 1543 1410; baseline 0.002 -19"><span class='ocrx_word' id='word_1_110' title='bbox 251 1337 463 1408; x_wconf 84' lang='lat' dir='ltr'><strong>Verum,</strong></span> <span class='ocrx_word' id='word_1_111' title='bbox 487 1357 580 1393; x_wconf 80' lang='lat' dir='ltr'><strong>nos</strong></span> <span class='ocrx_word' id='word_1_112' title='bbox 604 1340 767 1394; x_wconf 78' lang='lat' dir='ltr'><strong>oculis</strong></span> <span class='ocrx_word' id='word_1_113' title='bbox 790 1341 917 1410; x_wconf 86' lang='lat' dir='ltr'><strong>quia</strong></span> <span class='ocrx_word' id='word_1_114' title='bbox 940 1340 1062 1393; x_wconf 75' lang='lat' dir='ltr'><strong>solie</strong></span> <span class='ocrx_word' id='word_1_115' title='bbox 1085 1356 1295 1393; x_wconf 88' lang='lat' dir='ltr'><strong>cernere</strong></span> <span class='ocrx_word' id='word_1_116' title='bbox 1319 1342 1543 1409; x_wconf 71' lang='lat' dir='ltr'><strong>quimu3‚</strong></span> 
     </span>
     <span class='ocr_line' id='line_1_18' title="bbox 247 1406 1617 1479; baseline 0 -17"><span class='ocrx_word' id='word_1_117' title='bbox 247 1406 530 1478; x_wconf 74' lang='lat' dir='ltr'>Propterea</span> <span class='ocrx_word' id='word_1_118' title='bbox 550 1409 629 1477; x_wconf 90' lang='lat' dir='ltr'><strong>fit,</strong></span> <span class='ocrx_word' id='word_1_119' title='bbox 655 1410 750 1477; x_wconf 89' lang='lat' dir='ltr'><strong>uti,</strong></span> <span class='ocrx_word' id='word_1_120' title='bbox 775 1409 997 1479; x_wconf 84' lang='lat' dir='ltr'><strong>speciem</strong></span> <span class='ocrx_word' id='word_1_121' title='bbox 1057 1425 1125 1462; x_wconf 89' lang='lat' dir='ltr'><strong>uo</strong></span> <span class='ocrx_word' id='word_1_122' title='bbox 1148 1410 1415 1478; x_wconf 71' lang='lat' dir='ltr'><strong>vertimuS,</strong></span> <span class='ocrx_word' id='word_1_123' title='bbox 1441 1426 1617 1462; x_wconf 78' lang='lat' dir='ltr'><strong>omnes</strong></span> 
     </span>
     <span class='ocr_line' id='line_1_19' title="bbox 248 1474 1590 1548; baseline 0 -16"><span class='ocrx_word' id='word_1_124' title='bbox 248 1474 352 1532; x_wconf 76' lang='lat' dir='ltr'><strong>Res</strong></span> <span class='ocrx_word' id='word_1_125' title='bbox 374 1477 450 1532; x_wconf 90' lang='lat' dir='ltr'><strong>ibi</strong></span> <span class='ocrx_word' id='word_1_126' title='bbox 473 1495 589 1533; x_wconf 83' lang='lat' dir='ltr'><strong>eam</strong></span> <span class='ocrx_word' id='word_1_127' title='bbox 611 1484 793 1533; x_wconf 77' lang='lat' dir='ltr'><strong>contra</strong></span> <span class='ocrx_word' id='word_1_128' title='bbox 814 1478 1010 1532; x_wconf 86' lang='lat' dir='ltr'><strong>feriant</strong></span> <span class='ocrx_word' id='word_1_129' title='bbox 1057 1494 1201 1531; x_wconf 85' lang='lat' dir='ltr'><strong>orma</strong></span> <span class='ocrx_word' id='word_1_130' title='bbox 1223 1483 1386 1548; x_wconf 86' lang='lat' dir='ltr'><strong>atque</strong></span> <span class='ocrx_word' id='word_1_131' title='bbox 1408 1478 1590 1532; x_wconf 88' lang='lat' dir='ltr'><strong>colore.</strong></span> 
     </span>
     <span class='ocr_line' id='line_1_20' title="bbox 245 1546 1581 1617; baseline 0 -16"><span class='ocrx_word' id='word_1_132' title='bbox 245 1546 317 1601; x_wconf 83' lang='lat' dir='ltr'><strong>Et</strong></span> <span class='ocrx_word' id='word_1_133' title='bbox 340 1554 599 1617; x_wconf 76' lang='lat' dir='ltr'><strong>quantum</strong></span> <span class='ocrx_word' id='word_1_134' title='bbox 622 1565 841 1617; x_wconf 78' lang='lat' dir='ltr'><strong>quaeque</strong></span> <span class='ocrx_word' id='word_1_135' title='bbox 863 1547 930 1601; x_wconf 91' lang='lat' dir='ltr'><strong>ab</strong></span> <span class='ocrx_word' id='word_1_136' title='bbox 952 1547 1102 1601; x_wconf 82' lang='lat' dir='ltr'><strong>nobis</strong></span> <span class='ocrx_word' id='word_1_137' title='bbox 1124 1565 1207 1600; x_wconf 83' lang='lat' dir='ltr'><strong>res</strong></span> <span class='ocrx_word' id='word_1_138' title='bbox 1231 1548 1383 1617; x_wconf 87' lang='lat' dir='ltr'><strong>absit,</strong></span> <span class='ocrx_word' id='word_1_139' title='bbox 1406 1549 1581 1616; x_wconf 81' lang='lat' dir='ltr'><strong>imago</strong></span> 
     </span>
     <span class='ocr_line' id='line_1_21' title="bbox 244 1615 1471 1686; baseline -0.001 -15"><span class='ocrx_word' id='word_1_140' title='bbox 244 1615 437 1686; x_wconf 78' lang='lat' dir='ltr'><strong>Efficit,</strong></span> <span class='ocrx_word' id='word_1_141' title='bbox 462 1623 524 1671; x_wconf 92' lang='lat' dir='ltr'><strong>ut</strong></span> <span class='ocrx_word' id='word_1_142' title='bbox 547 1617 832 1684; x_wconf 78' lang='lat' dir='ltr'><strong>videamus,</strong></span> <span class='ocrx_word' id='word_1_143' title='bbox 858 1622 912 1670; x_wconf 92' lang='lat' dir='ltr'><strong>et</strong></span> <span class='ocrx_word' id='word_1_144' title='bbox 934 1617 1284 1670; x_wconf 78' lang='lat' dir='ltr'><strong>internoscere</strong></span> <span class='ocrx_word' id='word_1_145' title='bbox 1307 1623 1471 1670; x_wconf 83' lang='lat' dir='ltr'><strong>curat.</strong></span> 
     </span>
     <span class='ocr_line' id='line_1_22' title="bbox 243 1685 1640 1756; baseline 0 -17"><span class='ocrx_word' id='word_1_146' title='bbox 243 1685 383 1739; x_wconf 81' lang='lat' dir='ltr'><strong>Nam</strong></span> <span class='ocrx_word' id='word_1_147' title='bbox 408 1704 572 1756; x_wconf 89' lang='lat' dir='ltr'><strong>quum</strong></span> <span class='ocrx_word' id='word_1_148' title='bbox 594 1687 844 1753; x_wconf 75' lang='lat' dir='ltr'><strong>mittitur,</strong></span> <span class='ocrx_word' id='word_1_149' title='bbox 868 1686 1135 1755; x_wconf 83' lang='lat' dir='ltr'><strong>extemplo</strong></span> <span class='ocrx_word' id='word_1_150' title='bbox 1157 1686 1401 1755; x_wconf 85' lang='lat' dir='ltr'><strong>procudit</strong></span> <span class='ocrx_word' id='word_1_151' title='bbox 1424 1686 1640 1753; x_wconf 79' lang='lat' dir='ltr'><strong>agitque</strong></span> 
     </span>
     <span class='ocr_line' id='line_1_23' title="bbox 241 1754 1655 1824; baseline 0.001 -17"><span class='ocrx_word' id='word_1_152' title='bbox 241 1755 397 1822; x_wconf 66' lang='lat' dir='ltr'><strong>Aera,</strong></span> <span class='ocrx_word' id='word_1_153' title='bbox 421 1756 514 1824; x_wconf 88' lang='lat' dir='ltr'><strong>qui</strong></span> <span class='ocrx_word' id='word_1_154' title='bbox 535 1756 675 1808; x_wconf 85' lang='lat' dir='ltr'><strong>inter</strong></span> <span class='ocrx_word' id='word_1_155' title='bbox 698 1773 753 1809; x_wconf 79' lang='lat' dir='ltr'><strong>se</strong></span> <span class='ocrx_word' id='word_1_156' title='bbox 778 1772 998 1823; x_wconf 88' lang='lat' dir='ltr'><strong>cumque</strong></span> <span class='ocrx_word' id='word_1_157' title='bbox 1021 1760 1102 1807; x_wconf 83' lang='lat' dir='ltr'><strong>est</strong></span> <span class='ocrx_word' id='word_1_158' title='bbox 1126 1754 1402 1824; x_wconf 84' lang='lat' dir='ltr'><strong>oculosque</strong></span> <span class='ocrx_word' id='word_1_159' title='bbox 1425 1754 1655 1819; x_wconf 56' lang='lat' dir='ltr'><strong>locatum</strong></span> 
     </span>
     <span class='ocr_line' id='line_1_24' title="bbox 241 1822 1526 1893; baseline -0.001 -16"><span class='ocrx_word' id='word_1_160' title='bbox 241 1822 401 1892; x_wconf 81' lang='lat' dir='ltr'><strong>Isque</strong></span> <span class='ocrx_word' id='word_1_161' title='bbox 423 1824 502 1877; x_wconf 82' lang='lat' dir='ltr'><strong>ita</strong></span> <span class='ocrx_word' id='word_1_162' title='bbox 523 1841 618 1893; x_wconf 90' lang='lat' dir='ltr'><strong>per</strong></span> <span class='ocrx_word' id='word_1_163' title='bbox 641 1830 844 1877; x_wconf 81' lang='lat' dir='ltr'><strong>nostras</strong></span> <span class='ocrx_word' id='word_1_164' title='bbox 867 1823 1005 1876; x_wconf 81' lang='lat' dir='ltr'><strong>acies</strong></span> <span class='ocrx_word' id='word_1_165' title='bbox 1028 1822 1322 1892; x_wconf 80' lang='lat' dir='ltr'><strong>perlabitur</strong></span> <span class='ocrx_word' id='word_1_166' title='bbox 1344 1825 1526 1887; x_wconf 76' lang='lat' dir='ltr'><strong>omnis,</strong></span> 
     </span>
     <span class='ocr_line' id='line_1_25' title="bbox 239 1891 1546 1973; baseline -0.001 -27"><span class='ocrx_word' id='word_1_167' title='bbox 239 1892 312 1946; x_wconf 83' lang='lat' dir='ltr'><strong>Et</strong></span> <span class='ocrx_word' id='word_1_168' title='bbox 335 1893 485 1962; x_wconf 77' lang='lat' dir='ltr'><strong>quasi</strong></span> <span class='ocrx_word' id='word_1_169' title='bbox 509 1892 765 1962; x_wconf 83' lang='lat' dir='ltr'><strong>pertergit</strong></span> <span class='ocrx_word' id='word_1_170' title='bbox 788 1891 1031 1973; x_wconf 80' lang='lat' dir='ltr'><strong>pupillas,</strong></span> <span class='ocrx_word' id='word_1_171' title='bbox 1056 1897 1218 1961; x_wconf 83' lang='lat' dir='ltr'><strong>atque</strong></span> <span class='ocrx_word' id='word_1_172' title='bbox 1240 1893 1319 1945; x_wconf 83' lang='lat' dir='ltr'><strong>ita</strong></span> <span class='ocrx_word' id='word_1_173' title='bbox 1342 1892 1546 1947; x_wconf 82' lang='lat' dir='ltr'><strong>transit.</strong></span> 
     </span>
     <span class='ocr_line' id='line_1_26' title="bbox 237 1959 1589 2030; baseline -0.001 -15"><span class='ocrx_word' id='word_1_174' title='bbox 237 1959 522 2030; x_wconf 80' lang='lat' dir='ltr'><strong>Propterea</strong></span> <span class='ocrx_word' id='word_1_175' title='bbox 544 1960 623 2028; x_wconf 86' lang='lat' dir='ltr'><strong>fit,</strong></span> <span class='ocrx_word' id='word_1_176' title='bbox 646 1961 730 2013; x_wconf 90' lang='lat' dir='ltr'><strong>uti</strong></span> <span class='ocrx_word' id='word_1_177' title='bbox 752 1960 1038 2028; x_wconf 77' lang='lat' dir='ltr'><strong>videamus,</strong></span> <span class='ocrx_word' id='word_1_178' title='bbox 1063 1978 1222 2030; x_wconf 88' lang='lat' dir='ltr'><strong>quam</strong></span> <span class='ocrx_word' id='word_1_179' title='bbox 1245 1960 1429 2030; x_wconf 90' lang='lat' dir='ltr'><strong>procul</strong></span> <span class='ocrx_word' id='word_1_180' title='bbox 1451 1960 1589 2014; x_wconf 78' lang='lat' dir='ltr'><strong>absit</strong></span> 
     </span>
     <span class='ocr_line' id='line_1_27' title="bbox 237 2028 1653 2099; baseline -0.001 -16"><span class='ocrx_word' id='word_1_181' title='bbox 237 2028 341 2083; x_wconf 74' lang='lat' dir='ltr'><strong>Res</strong></span> <span class='ocrx_word' id='word_1_182' title='bbox 363 2044 616 2098; x_wconf 79' lang='lat' dir='ltr'><strong>quaeque3</strong></span> <span class='ocrx_word' id='word_1_183' title='bbox 651 2033 706 2081; x_wconf 86' lang='lat' dir='ltr'><strong>et</strong></span> <span class='ocrx_word' id='word_1_184' title='bbox 729 2034 928 2099; x_wconf 84' lang='lat' dir='ltr'><strong>quanto</strong></span> <span class='ocrx_word' id='word_1_185' title='bbox 950 2029 1071 2098; x_wconf 77' lang='lat' dir='ltr'><strong>plus</strong></span> <span class='ocrx_word' id='word_1_186' title='bbox 1094 2030 1234 2082; x_wconf 70' lang='lat' dir='ltr'><strong>aeris</strong></span> <span class='ocrx_word' id='word_1_187' title='bbox 1254 2035 1380 2083; x_wconf 91' lang='lat' dir='ltr'><strong>ante</strong></span> <span class='ocrx_word' id='word_1_188' title='bbox 1402 2030 1653 2099; x_wconf 77' lang='lat' dir='ltr'><strong>agitatur,</strong></span> 
     </span>
     <span class='ocr_line' id='line_1_28' title="bbox 235 2096 1413 2167; baseline 0 -16"><span class='ocrx_word' id='word_1_189' title='bbox 235 2096 308 2152; x_wconf 82' lang='lat' dir='ltr'><strong>Et</strong></span> <span class='ocrx_word' id='word_1_190' title='bbox 331 2102 531 2151; x_wconf 78' lang='lat' dir='ltr'><strong>nostros</strong></span> <span class='ocrx_word' id='word_1_191' title='bbox 553 2096 730 2150; x_wconf 79' lang='lat' dir='ltr'><strong>oculos</strong></span> <span class='ocrx_word' id='word_1_192' title='bbox 753 2103 1017 2167; x_wconf 84' lang='lat' dir='ltr'><strong>perterget</strong></span> <span class='ocrx_word' id='word_1_193' title='bbox 1039 2098 1245 2166; x_wconf 86' lang='lat' dir='ltr'><strong>longior</strong></span> <span class='ocrx_word' id='word_1_194' title='bbox 1268 2115 1413 2166; x_wconf 82' lang='lat' dir='ltr'><strong>aura,</strong></span> 
     </span>
    </p>
   </div>
   <div class='ocr_carea' id='block_1_3' title="bbox 233 2166 1706 2304">
    <p class='ocr_par' dir='ltr' id='par_1_3' title="bbox 233 2166 1706 2304">
     <span class='ocr_line' id='line_1_29' title="bbox 234 2166 1706 2236; baseline 0 -15"><span class='ocrx_word' id='word_1_195' title='bbox 234 2166 365 2221; x_wconf 70' lang='lat' dir='ltr'><strong>&#39;Pam</strong></span> <span class='ocrx_word' id='word_1_196' title='bbox 387 2166 567 2235; x_wconf 87' lang='lat' dir='ltr'><strong>procul</strong></span> <span class='ocrx_word' id='word_1_197' title='bbox 591 2183 700 2218; x_wconf 78' lang='lat' dir='ltr'><strong>esee</strong></span> <span class='ocrx_word' id='word_1_198' title='bbox 722 2166 889 2234; x_wconf 83' lang='lat' dir='ltr'><strong>magis</strong></span> <span class='ocrx_word' id='word_1_199' title='bbox 913 2183 993 2218; x_wconf 83' lang='lat' dir='ltr'><strong>res</strong></span> <span class='ocrx_word' id='word_1_200' title='bbox 1016 2183 1239 2236; x_wconf 77' lang='lat' dir='ltr'><strong>quoeque</strong></span> <span class='ocrx_word' id='word_1_201' title='bbox 1260 2173 1460 2220; x_wconf 82' lang='lat' dir='ltr'><strong>remota</strong></span> <span class='ocrx_word' id='word_1_202' title='bbox 1483 2167 1706 2221; x_wconf 80' lang='lat' dir='ltr'><strong>videtur.</strong></span> 
     </span>
     <span class='ocr_line' id='line_1_30' title="bbox 233 2233 1510 2304; baseline -0.002 -14"><span class='ocrx_word' id='word_1_203' title='bbox 233 2233 447 2290; x_wconf 79' lang='lat' dir='ltr'><strong>Scilicet</strong></span> <span class='ocrx_word' id='word_1_204' title='bbox 468 2235 582 2288; x_wconf 85' lang='lat' dir='ltr'><strong>haec</strong></span> <span class='ocrx_word' id='word_1_205' title='bbox 605 2251 807 2288; x_wconf 75' lang='lat' dir='ltr'><strong>summe</strong></span> <span class='ocrx_word' id='word_1_206' title='bbox 830 2234 987 2289; x_wconf 88' lang='lat' dir='ltr'><strong>celeri</strong></span> <span class='ocrx_word' id='word_1_207' title='bbox 1008 2236 1213 2288; x_wconf 76' lang='lat' dir='ltr'><strong>ratione</strong></span> <span class='ocrx_word' id='word_1_208' title='bbox 1237 2241 1510 2304; x_wconf 89' lang='lat' dir='ltr'><strong>geruntur,</strong></span> 
     </span>
    </p>
   </div>
   <div class='ocr_carea' id='block_1_4' title="bbox 233 2303 1702 2386">
    <p class='ocr_par' dir='ltr' id='par_1_4' title="bbox 233 2303 1702 2386">
     <span class='ocr_line' id='line_1_31' title="bbox 233 2303 1702 2386; baseline -0.001 -28"><span class='ocrx_word' id='word_1_209' title='bbox 233 2304 401 2371; x_wconf 80' lang='lat' dir='ltr'><strong>Quale</strong></span> <span class='ocrx_word' id='word_1_210' title='bbox 424 2303 509 2371; x_wconf 71' lang='lat' dir='ltr'><strong>sit,</strong></span> <span class='ocrx_word' id='word_1_211' title='bbox 533 2310 598 2356; x_wconf 91' lang='lat' dir='ltr'><strong>ut</strong></span> <span class='ocrx_word' id='word_1_212' title='bbox 620 2303 909 2369; x_wconf 67' lang='lat' dir='ltr'><strong>videamuS,</strong></span> <span class='ocrx_word' id='word_1_213' title='bbox 934 2309 989 2356; x_wconf 88' lang='lat' dir='ltr'><strong>et</strong></span> <span class='ocrx_word' id='word_1_214' title='bbox 1012 2320 1139 2386; x_wconf 62' lang='lat' dir='ltr'><strong>una,</strong></span> <span class='ocrx_word' id='word_1_215' title='bbox 1160 2322 1321 2376; x_wconf 84' lang='lat' dir='ltr'><strong>quam</strong></span> <span class='ocrx_word' id='word_1_216' title='bbox 1344 2305 1525 2373; x_wconf 85' lang='lat' dir='ltr'><strong>procul</strong></span> <span class='ocrx_word' id='word_1_217' title='bbox 1550 2304 1702 2358; x_wconf 81' lang='lat' dir='ltr'><strong>absit.</strong></span> 
     </span>
    </p>
   </div>
   <div class='ocr_carea' id='block_1_5' title="bbox 300 2370 1748 2441">
    <p class='ocr_par' dir='ltr' id='par_1_5' title="bbox 300 2370 1748 2441">
     <span class='ocr_line' id='line_1_32' title="bbox 300 2370 1748 2441; baseline -0.001 -14"><span class='ocrx_word' id='word_1_218' title='bbox 300 2372 445 2428; x_wconf 88' lang='lat' dir='ltr'><strong>Illud</strong></span> <span class='ocrx_word' id='word_1_219' title='bbox 467 2372 525 2425; x_wconf 90' lang='lat' dir='ltr'><strong>in</strong></span> <span class='ocrx_word' id='word_1_220' title='bbox 547 2372 632 2425; x_wconf 74' lang='lat' dir='ltr'><strong>his</strong></span> <span class='ocrx_word' id='word_1_221' title='bbox 653 2370 808 2424; x_wconf 79' lang='lat' dir='ltr'><strong>rebus</strong></span> <span class='ocrx_word' id='word_1_222' title='bbox 830 2372 1047 2425; x_wconf 86' lang='lat' dir='ltr'><strong>minime</strong></span> <span class='ocrx_word' id='word_1_223' title='bbox 1070 2373 1308 2426; x_wconf 76' lang='lat' dir='ltr'><strong>mmbile</strong></span> <span class='ocrx_word' id='word_1_224' title='bbox 1330 2373 1632 2426; x_wconf 81' lang='lat' dir='ltr'><strong>habendum</strong></span> <span class='ocrx_word' id='word_1_225' title='bbox 1654 2380 1748 2441; x_wconf 81' lang='lat' dir='ltr'><strong>est,</strong></span> 
     </span>
    </p>
   </div>
   <div class='ocr_carea' id='block_1_6' title="bbox 224 2440 1616 2580">
    <p class='ocr_par' dir='ltr' id='par_1_6' title="bbox 224 2440 1616 2580">
     <span class='ocr_line' id='line_1_33' title="bbox 230 2440 1512 2510; baseline 0 -15"><span class='ocrx_word' id='word_1_226' title='bbox 230 2441 337 2495; x_wconf 82' lang='lat' dir='ltr'><strong>Gur</strong></span> <span class='ocrx_word' id='word_1_227' title='bbox 361 2458 436 2507; x_wconf 79' lang='lat' dir='ltr'><strong>ea,</strong></span> <span class='ocrx_word' id='word_1_228' title='bbox 461 2457 579 2510; x_wconf 74' lang='lat' dir='ltr'><strong>quoe</strong></span> <span class='ocrx_word' id='word_1_229' title='bbox 602 2440 800 2492; x_wconf 84' lang='lat' dir='ltr'><strong>feriant</strong></span> <span class='ocrx_word' id='word_1_230' title='bbox 824 2440 999 2491; x_wconf 82' lang='lat' dir='ltr'><strong>oculos</strong></span> <span class='ocrx_word' id='word_1_231' title='bbox 1023 2441 1320 2507; x_wconf 82' lang='lat' dir='ltr'><strong>simulacra,</strong></span> <span class='ocrx_word' id='word_1_232' title='bbox 1344 2441 1512 2495; x_wconf 83' lang='lat' dir='ltr'><strong>videri</strong></span> 
     </span>
     <span class='ocr_line' id='line_1_34' title="bbox 224 2507 1616 2580; baseline -0.002 -14"><span class='ocrx_word' id='word_1_233' title='bbox 224 2508 450 2580; x_wconf 68' lang='lat' dir='ltr'><strong>Singula</strong></span> <span class='ocrx_word' id='word_1_234' title='bbox 473 2524 640 2579; x_wconf 90' lang='lat' dir='ltr'><strong>quum</strong></span> <span class='ocrx_word' id='word_1_235' title='bbox 662 2511 941 2575; x_wconf 78' lang='lat' dir='ltr'><strong>nequeant,</strong></span> <span class='ocrx_word' id='word_1_236' title='bbox 965 2524 1048 2559; x_wconf 75' lang='lat' dir='ltr'><strong>res</strong></span> <span class='ocrx_word' id='word_1_237' title='bbox 1070 2507 1196 2576; x_wconf 82' lang='lat' dir='ltr'><strong>ipsae</strong></span> <span class='ocrx_word' id='word_1_238' title='bbox 1220 2509 1616 2578; x_wconf 83' lang='lat' dir='ltr'><strong>perspiciantur.</strong></span> 
     </span>
    </p>
   </div>
   <div class='ocr_carea' id='block_1_7' title="bbox 1842 522 1949 572">
    <p class='ocr_par' dir='ltr' id='par_1_7' title="bbox 1842 522 1949 572">
     <span class='ocr_line' id='line_1_35' title="bbox 1842 522 1949 572; baseline 0.009 -1"><span class='ocrx_word' id='word_1_239' title='bbox 1842 522 1949 572; x_wconf 77' lang='lat'><strong>230</strong></span> 
     </span>
    </p>
   </div>
   <div class='ocr_carea' id='block_1_8' title="bbox 233 2573 1913 2658">
    <p class='ocr_par' dir='ltr' id='par_1_8' title="bbox 233 2573 1913 2658">
     <span class='ocr_line' id='line_1_36' title="bbox 233 2573 1913 2658; baseline 0.001 -27"><span class='ocrx_word' id='word_1_240' title='bbox 233 2577 432 2634; x_wconf 73' lang='lat' dir='ltr'><strong>Ventus</strong></span> <span class='ocrx_word' id='word_1_241' title='bbox 450 2578 591 2629; x_wconf 85' lang='lat' dir='ltr'><strong>enim</strong></span> <span class='ocrx_word' id='word_1_242' title='bbox 609 2591 812 2643; x_wconf 90' lang='lat' dir='ltr'><strong>quoque</strong></span> <span class='ocrx_word' id='word_1_243' title='bbox 832 2573 1091 2654; x_wconf 81' lang='lat' dir='ltr'><strong>paulatim</strong></span> <span class='ocrx_word' id='word_1_244' title='bbox 1109 2592 1273 2642; x_wconf 90' lang='lat' dir='ltr'><strong>quum</strong></span> <span class='ocrx_word' id='word_1_245' title='bbox 1290 2577 1527 2630; x_wconf 83' lang='lat' dir='ltr'><strong>verberat</strong></span> <span class='ocrx_word' id='word_1_246' title='bbox 1544 2585 1597 2630; x_wconf 89' lang='lat' dir='ltr'><strong>et</strong></span> <span class='ocrx_word' id='word_1_247' title='bbox 1615 2595 1778 2646; x_wconf 93' lang='lat' dir='ltr'><strong>quum</strong></span> <span class='ocrx_word' id='word_1_248' title='bbox 1804 2582 1913 2658; x_wconf 71' lang='grc'><strong>260</strong></span> 
     </span>
    </p>
   </div>
   <div class='ocr_carea' id='block_1_9' title="bbox 223 2644 1619 2800">
    <p class='ocr_par' dir='ltr' id='par_1_9' title="bbox 223 2644 1619 2800">
     <span class='ocr_line' id='line_1_37' title="bbox 227 2644 1619 2721; baseline 0 -21"><span class='ocrx_word' id='word_1_249' title='bbox 227 2645 363 2702; x_wconf 69' lang='lat' dir='ltr'><strong>Aer·</strong></span> <span class='ocrx_word' id='word_1_250' title='bbox 381 2644 504 2698; x_wconf 75' lang='lat' dir='ltr'><strong>fluit</strong></span> <span class='ocrx_word' id='word_1_251' title='bbox 525 2645 709 2711; x_wconf 72' lang='lat' dir='ltr'><strong>frigus,</strong></span> <span class='ocrx_word' id='word_1_252' title='bbox 733 2658 839 2694; x_wconf 90' lang='lat' dir='ltr'><strong>non</strong></span> <span class='ocrx_word' id='word_1_253' title='bbox 861 2658 1100 2721; x_wconf 46' lang='lat' dir='ltr'><strong>primam·</strong></span> <span class='ocrx_word' id='word_1_254' title='bbox 1112 2659 1371 2711; x_wconf 85' lang='lat' dir='ltr'><strong>quamque</strong></span> <span class='ocrx_word' id='word_1_255' title='bbox 1395 2645 1619 2700; x_wconf 75' lang='lat' dir='ltr'><strong>solemus</strong></span> 
     </span>
     <span class='ocr_line' id='line_1_38' title="bbox 223 2707 1392 2800; baseline -0.004 -32"><span class='ocrx_word' id='word_1_256' title='bbox 223 2707 547 2770; x_wconf 59' lang='lat' dir='ltr'><strong>articulum</strong></span> <span class='ocrx_word' id='word_1_257' title='bbox 570 2711 718 2766; x_wconf 79' lang='lat' dir='ltr'><strong>venti</strong></span> <span class='ocrx_word' id='word_1_258' title='bbox 741 2715 934 2763; x_wconf 74' lang='lat' dir='ltr'><strong>sentire</strong></span> <span class='ocrx_word' id='word_1_259' title='bbox 957 2714 1011 2761; x_wconf 92' lang='lat' dir='ltr'><strong>et</strong></span> <span class='ocrx_word' id='word_1_260' title='bbox 1034 2710 1242 2800; x_wconf 71' lang='lat' dir='ltr'><strong>frigoris</strong></span> <span class='ocrx_word' id='word_1_261' title='bbox 1266 2713 1392 2780; x_wconf 75' lang='lat' dir='ltr'><strong>ejus.</strong></span> 
     </span>
    </p>
   </div>
   <div class='ocr_carea' id='block_1_10' title="bbox 2054 834 2070 1227">
    <p class='ocr_par' dir='ltr' id='par_1_10' title="bbox 2054 834 2070 1227">
     <span class='ocr_line' id='line_1_39' title="bbox 2054 834 2070 1227; baseline 0 1773"><span class='ocrx_word' id='word_1_262' title='bbox 2054 834 2070 1227; x_wconf 95' lang='lat' dir='ltr'><strong> </strong></span> 
     </span>
    </p>
   </div>
  </div>
 </body>
</html>
