2084 3000
220 208 327 260 204
841 203 900 257 ¹1¹.
936 201 1270 256 LUORETII

873 333 956 388 Dc
978 333 1233 387 imbnbus'
1233 374 1246 387 .

289 436 343 489 N
342 452 446 491 unc
469 452 580 504 age,
606 450 710 504 quo
733 439 887 504 pacto
910 433 1124 503 pluvius
1147 436 1443 485 concrescat
1466 432 1524 484 in
1546 431 1670 485 altis

220 505 463 558 Nubibus
486 505 685 570 humor,
710 510 765 556 et
787 503 844 554 in
868 509 1032 555 terras
1057 502 1309 554 demissus
1332 506 1396 553 ut
1419 501 1585 553 imber

220 573 461 640 Decidat,
483 572 771 693 ‘ffedim'
826 571 1079 635 Primum,
1096 572 1210 638 jam
1235 569 1435 621 semina
1457 571 1618 638 aqua‘i

220 641 399 695 liuta
421 641 521 694 sim

223 710 478 763 Omnibus
502 727 568 763 ex
590 710 759 778 rebus,
783 709 1082 779 pariterque
1105 709 1184 761 ita
1208 724 1435 759 crescere
1459 713 1757 773 utrumque,

222 779 294 832 Et
316 778 497 847 nubes,
520 784 576 833 et
598 796 805 860 aquam,
830 793 1177 846 quaecumque
1198 777 1257 828 in
1278 774 1506 827 nubibus
1529 780 1719 840 exstat,
1792 777 1906 826 500

222 847 299 901 Ut
323 848 522 916 pariter
543 848 692 901 nobis
716 864 901 916 corpus
925 863 1048 898 cum
1072 845 1327 912 sanguine
1350 843 1551 910 crescit,

222 916 392 970 Sudor
408 917 537 969 item
560 923 721 984 atque
737 917 939 982 humor,
956 914 1272 984 quicumque
1290 918 1370 965 est
1386 912 1612 979 denique
1629 909 1904 965 membris.

223 985 541 1054 Concipiunt
563 986 723 1038 etiam
746 984 976 1037 multum
1000 1000 1206 1051 quoque
1229 999 1364 1050 saepe
1386 980 1652 1033 marinum

223 1052 527 1120 Humorem,
551 1053 717 1107 veluti
739 1052 1025 1121 pendentia
1048 1052 1243 1105 vellera
1264 1051 1399 1103 lanae

224 1121 400 1185 Quum
424 1137 612 1190 supera
632 1138 884 1189 magnum
905 1137 1051 1173 mare
1075 1120 1222 1174 venti
1244 1119 1428 1172 nubila
1450 1121 1677 1187 portant.

223 1188 492 1242 Consimili
515 1188 716 1243 ratione
740 1206 807 1241 ex
831 1190 1072 1242 omnibus
1095 1189 1337 1242 amnibus
1354 1188 1541 1239 humor

223 1257 447 1311 Tollitur
468 1259 526 1311 in
548 1258 745 1312 nubes:
781 1274 885 1327 quo
909 1275 1032 1311 cum
1051 1257 1186 1311 bene
1210 1257 1409 1309 semina
1430 1271 1687 1324 aquarum

224 1325 402 1380 Multa
423 1328 591 1381 modis
612 1327 796 1381 multis
818 1344 1106 1380 convenere
1130 1326 1361 1394 undique
1384 1325 1636 1386 adaucta3

226 1395 481 1449 Confertae
503 1396 668 1450 nubes
691 1397 747 1449 vi
770 1397 916 1449 venti
939 1395 1151 1449 mittere
1174 1399 1380 1447 certant

224 1464 548 1535 Dupliciter:
582 1482 706 1519 nam
730 1465 809 1519 vis
833 1466 978 1519 venti
1002 1463 1283 1531 contrudit,
1308 1468 1362 1517 et
1384 1462 1500 1533 ipsa
1790 1462 1897 1512 510

225 1533 389 1603 Copia
409 1536 721 1603 nimborum,
744 1535 901 1588 turba
922 1536 1118 1603 majore
1141 1536 1335 1597 ceacta,

225 1602 408 1671 Urget,
431 1610 487 1657 et
510 1621 539 1658 e
563 1621 748 1673 supero
770 1604 978 1673 premit,
1002 1620 1066 1656 ac
1086 1602 1219 1654 facit
1242 1601 1448 1653 effluere
1471 1599 1673 1652 imbres.

295 1671 566 1740 Praeterea,
590 1689 753 1741 quum
775 1679 1047 1726 rarescunt
1069 1687 1273 1740 quoque
1294 1670 1479 1723 nubila
1501 1668 1687 1735 ventis,

226 1739 338 1793 Aut
362 1740 720 1794 dissolvuntur
742 1741 864 1794 solis
887 1758 1043 1810 super
1065 1740 1174 1792 icta
1197 1739 1380 1807 calore,

225 1806 457 1862 Mittunt
479 1810 749 1862 humorem
772 1809 1042 1879 pluvium3
1080 1807 1331 1875 stillante,
1354 1805 1503 1876 quasi
1528 1805 1640 1873 igni

226 1875 355 1929 Cera
378 1894 533 1946 super
555 1877 725 1931 calido
748 1877 1017 1931 tabescens
1039 1876 1213 1930 multa
1234 1876 1504 1944 liquescat.

295 1944 397 1997 Sed
420 1946 698 1999 vehemens
720 1945 888 1998 imber
907 1947 985 2013 fit,
1009 1946 1103 1998 ubi
1127 1945 1462 1998 vehementer
1487 1949 1708 2011 utraque

225 2011 423 2066 Nubila
443 2013 500 2066 vi
521 2014 790 2066 cumulata
812 2020 1126 2082 premuntur
1148 2019 1204 2066 et
1225 2014 1420 2082 impete
1443 2012 1603 2065 venti

294 2084 367 2134 At
390 2081 615 2135 retinere
638 2082 733 2134 diu
756 2081 950 2150 pluviae
974 2084 1298 2150 longumque
1321 2081 1513 2135 morari

226 2149 568 2219 Gonsuerunt,
593 2151 685 2204 ubi
708 2151 880 2204 multa
900 2152 1124 2205 fluenter
1148 2152 1346 2204 semina
1369 2166 1641 2219 aquarum,
1792 2152 1893 2201 520

224 2219 402 2288 Atque
425 2220 543 2273 aliis
566 2219 684 2273 alite
706 2219 871 2274 nubes
893 2221 1165 2288 nimbique
1187 2221 1421 2288 rigantes

226 2288 460 2358 Insuper,
486 2294 646 2358 atque
669 2290 812 2343 omni
835 2289 993 2358 vulgo
1016 2290 1084 2342 de
1106 2295 1272 2358 parte,
1295 2290 1572 2350 feruntur-3

224 2356 485 2426 Terraque
511 2374 676 2425 quum
699 2359 910 2411 fumans
933 2359 1207 2410 humorem
1230 2363 1345 2410 tota
1366 2355 1587 2409 rehalat.

295 2425 437 2477 Hinc
460 2425 552 2477 ubi
577 2428 652 2479 sol
674 2427 835 2478 radiis
860 2431 1228 2495 tempestatem
1250 2426 1389 2477 inter
1405 2440 1622 2492 opacam

223 2491 458 2545 Adversa
479 2493 632 2546 fulsit
655 2494 952 2546 nimborum
974 2495 1248 2562 aspergine
1272 2498 1455 2547 contra
1467 2511 1483 2556 ς

600 641 809 694 vincam
831 656 1141 708 consurgere
1163 638 1392 690 nubibus
1414 638 1542 706 ipsis

910 2604 992 2657 De
1013 2622 1193 2675 arquo.

221 2686 358 2736 Tum
381 2687 519 2739 color
542 2689 599 2740 in
622 2690 789 2756 nigris
812 2689 1020 2742 exsistit
1045 2691 1275 2742 nubibus
1297 2691 1465 2759 arqui.

291 2751 485 2820 qetera,
511 2771 627 2821 quae
651 2774 857 2809 sursum
880 2762 1136 2824 crescunt,
1161 2775 1468 2827 sursumque
1492 2763 1755 2827 creantur,
