2084 3000
209 226 312 277 218
830 222 887 275 T.
923 220 1255 275 LUORE'HI

210 321 437 390 Corpora
462 338 686 390 cumque
708 319 777 374 ab
798 320 967 387 rebus,
991 320 1174 373 eodem
1196 319 1421 388 praedita
1443 333 1614 385 sensu,

211 387 387 459 Atque
410 390 591 443 eodem
614 396 768 458 pacto
789 388 944 442 rebus
968 388 1077 441 sint
1099 388 1340 441 omnibus
1362 392 1505 456 apta.

211 457 494 526 Principio,
517 463 711 510 terram
734 456 811 509 sol
833 456 1096 538 excoquit,
1119 460 1175 509 et
1197 456 1328 510 facit
1351 473 1472 519 are;

214 526 290 578 At
312 526 537 593 glaciem
555 525 807 592 dissolvit,
826 530 881 577 et
904 525 1029 577 altis
1052 524 1318 577 montibus
1342 524 1478 577 altas

211 593 523 647 Exstructas
545 592 767 661 ningues
789 592 950 646 radiis
973 593 1235 646 tabescere
1258 593 1426 660 cogit:

211 661 470 731 Denique,
496 678 616 715 cera
637 661 680 713 li
716 661 846 714 uefit
869 661 927 713 in
950 662 1064 729 ejus
1086 666 1238 729 posta
1260 677 1464 728 vapore.
1503 679 1508 688 ·

213 730 361 798 Ignis
383 731 514 783 item
536 730 670 799 liqui
707 747 800 783 um
821 730 952 782 facit
974 745 1062 797 ωε,
1086 745 1374 797 aurumque
1395 727 1640 793 resolvit;

210 798 286 850 At
310 798 451 853 coria
473 804 528 852 et
551 815 761 852 carnem
783 798 951 851 trahit
973 803 1028 850 et
1053 797 1301 850 conducit
1323 798 1381 850 in
1404 811 1587 850 unum.

212 865 419 920 Humor
441 884 592 937 aquae
615 883 767 935 porro
789 867 988 919 ferrum
1011 865 1270 919 condurat
1292 865 1360 919 ab
1382 865 1533 932 igni;

210 933 287 986 At
310 935 451 989 coria
472 942 529 989 et
551 951 761 988 carnem
782 935 955 988 mollit
978 934 1172 987 durata
1193 933 1388 987 calore:
1788 933 1900 987 970

211 1001 523 1071 Barbigeras
547 1003 776 1056 oleaster·
789 1019 850 1056 eo
866 1005 1024 1083 juvat
1046 1019 1215 1071 usq-ue
1238 1001 1478 1070 capellas,

211 1069 436 1123 Diffiuat
458 1070 715 1122 ambrosia
737 1086 886 1150 quasi
910 1087 1031 1123 vero
1056 1076 1112 1123 et
1134 1075 1347 1123 nectare
1369 1070 1597 1122 tinctus:

215 1137 331 1200 Qua
352 1138 491 1190 nihil
514 1142 594 1190 est
616 1137 820 1189 homini
844 1137 985 1206 quod
1008 1137 1231 1192 amariu’
1254 1138 1497 1191 frondeat
1521 1142 1669 1190 aestu.

213 1205 469 1275 Denique,
493 1205 852 1259 amaracinum
873 1205 1074 1274 fugitat
1098 1223 1186 1259 sus
1210 1212 1265 1259 et
1288 1206 1443 1260 timet
1466 1222 1618 1258 omne

213 1272 558 1343 Unguentum
570 1293 585 1339 3
619 1291 746 1327 nam
769 1275 1006 1343 setigeris
1028 1274 1193 1328 subus
1216 1292 1334 1328 acre
1357 1289 1621 1327 vencnum
1642 1275 1743 1341 est,

216 1342 367 1406 Quod
389 1360 484 1397 nos
507 1343 773 1397 interdum
795 1349 1053 1412 tanquam
1073 1360 1304 1396 recreare
1327 1343 1551 1396 videtur.

214 1409 289 1464 At
314 1417 501 1465 contra
523 1411 671 1465 nobis
695 1421 903 1465 coenum
926 1412 1198 1465 teterrima
1222 1428 1386 1479 quum
1409 1412 1480 1463 sit

215 1478 520 1549 Spurcities‚
544 1480 729 1534 eadem
753 1480 934 1534 suibus
956 1480 1073 1534 haec
1095 1480 1298 1534 munda
1320 1479 1546 1546 videtur,

217 1548 597 1603 Insatiabiliter
618 1549 721 1602 toti
744 1555 806 1602 ut
829 1550 1118 1603 volvantur
1134 1550 1343 1602 ibidem.

286 1619 404 1671 Hoc
427 1618 588 1671 etiam
613 1622 861 1686 superest,
886 1618 1002 1687 ipsa
1025 1633 1188 1686 quam
1210 1617 1382 1670 dicere
1405 1617 1471 1670 de
1493 1633 1552 1669 re
1791 1618 1900 1669 980

213 1685 521 1806 Aggredior,
545 1686 683 1755 quod
708 1685 988 1739 dicendum
1008 1687 1159 1768 prius
1182 1702 1292 1738 esse
1315 1685 1539 1738 videtur.

217 1754 281 1805 M
340 1759 398 1807 ta
419 1754 680 1807 foramina
702 1770 866 1822 quum
889 1755 1050 1809 variis
1074 1754 1182 1808 sint
1202 1754 1411 1807 reddita
1432 1753 1602 1820 rebus,

216 1821 473 1874 Dissimili
496 1823 636 1876 inter
659 1839 713 1874 se
736 1829 929 1876 natura
953 1823 1178 1893 praedita
1200 1822 1393 1876 debent

218 1889 358 1956 Esse,
384 1895 439 1942 et
462 1890 654 1944 habere
678 1908 828 1943 suam
849 1897 1097 1944 naturam
1121 1907 1341 1960 quaeque
1356 1890 1601 1958 viasque;

218 1958 424 2025 Quippe
447 1959 644 2010 etenim
668 1959 802 2010 varii
825 1976 1005 2012 sensus
1027 1959 1385 2012 animantibus
1407 1958 1607 2024 insunt,

218 2026 452 2088 Quorum
474 2025 693 2094 quisque
718 2042 866 2078 suam
890 2027 1097 2107 proprie
1122 2045 1234 2080 rem
1256 2027 1481 2095 percipit
1504 2026 1563 2078 in
1586 2042 1654 2078 se.

217 2093 357 2146 Nam
380 2098 654 2162 penetrare
677 2093 781 2146 alio
805 2100 1021 2162 somtuS,
1047 2096 1120 2147 ali
1186 2113 1255 2148 ue
1278 2111 1515 2164 saporem

218 2162 492 2214 Cernimus
515 2178 545 2214 e
569 2161 752 2229 succis,
776 2163 881 2215 alio
904 2163 1104 2215 nidoris
1197 2180 1323 2216 ores.

218 2231 494 2296 Praeterea,
517 2246 732 2283 manare
756 2231 903 2284 aliud
913 2248 1019 2350 (per
1045 2247 1175 2284 saxa
1191 2232 1418 2298 videtur,

218 2298 397 2366 Atque
421 2298 568 2351 aliud
591 2298 766 2365 lignis,
802 2299 913 2351 aliu
973 2300 1198 2352 transire
1221 2316 1318 2368 per
1338 2315 1557 2363 aurum;
1791 2299 1898 2351 990

218 2365 556 2433 Argentoque
578 2367 717 2419 foras
740 2366 901 2433 aliud,
926 2367 1165 2434 vitroque
1187 2383 1390 2431 meare;

217 2433 357 2484 Nam
380 2433 540 2486 fluere
565 2433 665 2486 hac
689 2433 899 2502 species,
923 2434 1048 2486 illac
1071 2435 1211 2487 calor
1233 2435 1309 2487 ire
1333 2436 1560 2501 videtur,

218 2498 292 2550 At
330 2517 394 2552 ue
416 2500 534 2552 aliis
557 2500 705 2553 aliud
729 2501 886 2552 citius
911 2502 1269 2555 transmittere
1293 2503 1491 2556 eadem.

218 2564 305 2615 Sci
329 2566 430 2618 'cet
452 2567 509 2618 id
531 2567 644 2618 ficri
668 2568 809 2635 cogit
831 2572 1025 2619 natura
1050 2570 1273 2633 viarum,

218 2630 547 2684 Multimodis
571 2635 793 2699 varians,
817 2638 880 2685 ut
905 2635 1062 2701 paulo
1086 2637 1407 2688 ostendimus
1430 2642 1569 2704 ante,

218 2694 439 2763 Propter
461 2699 766 2754 dissimilem
789 2705 1036 2753 naturam
1061 2707 1313 2770 textaque
1336 2721 1526 2757 rerum.

199 2896 277 2939 k„
