2084 3000
231 192 301 244 98
850 186 905 241 Τ.
944 186 1276 241 LUORE'm

231 292 344 344 Aut
365 290 472 344 alia
496 289 676 358 quavis
699 289 863 358 possit
886 290 941 342 vi
963 290 1117 358 pulsa
1140 290 1321 359 perire.

232 359 397 413 Haud
419 366 585 427 igitur
605 357 702 411 leti
760 358 980 411 raeclusa
1003 365 1083 410 est
1099 361 1267 427 janua
1288 359 1456 411 menti
1466 359 1532 430 ·.]

303 428 453 493 Quod
478 427 521 480 si
546 427 680 479 forte
702 375 819 480 ideo
841 428 1009 495 magis
1033 427 1343 480 immortalis
1366 427 1608 481 habenda
1631 433 1725 497 est,
1796 433 1903 483 830

235 497 383 561 Quod
405 495 654 549 vitalibus
677 495 744 548 ab
766 495 923 549 rebus
945 496 1155 549 munita
1179 501 1417 560 tenetur;

230 566 344 619 Aut
367 565 492 635 quia
515 582 621 617 non
643 565 865 617 veniunt
889 565 1100 618 omnino
1124 564 1296 617 aliena
1320 565 1505 618 salutis
1524 584 1538 629 3

230 633 345 687 Aut
367 634 506 703 quia,
531 650 647 701 quae
672 634 908 700 veniunt,
932 633 1111 701 aliqua
1132 634 1337 686 ratione
1359 635 1612 688 recedunt

182 734 189 743 ·
232 702 390 756 Pulsa
413 703 575 772 prius,
601 719 776 772 quam,
800 702 925 771 quid
951 709 1189 768 noceant,
1216 703 1407 755 sentire
1431 720 1703 772 queamus:

262 771 474 826 Scilicet
496 790 529 826 a
552 789 676 826 vera
696 772 851 839 longe
873 772 1076 824 ratione
1098 777 1355 824 remotum
1379 777 1459 824 est
1474 773 1532 853 ἐ]

350 847 431 894 ter
452 842 593 894 enim
617 858 777 910 quam
801 839 940 909 quod
963 839 1155 892 morbis
1180 844 1297 891 tum
1320 856 1545 908 corporis
1568 841 1734 911 aegrit,

230 909 461 963 Advenit
484 910 555 976 id,
579 909 718 978 quod
742 926 858 961 eam
878 909 947 961 de
968 908 1123 961 rebus
1147 924 1281 977 saepe
1303 909 1499 961 futuris

230 974 481 1045 Macerat,
505 979 666 1047 inque
688 983 833 1029 metu
858 976 995 1030 male
1018 977 1193 1043 habet,
1219 977 1459 1045 curisque
1481 978 1702 1046 fatigat3

231 1044 622 1114 Praeteritisque
644 1045 782 1097 male
804 1046 1043 1098 admissis
1058 1054 1082 1085 ⁸
1106 1052 1323 1115 peccata
1345 1047 1655 1099 remordent.

231 1114 383 1167 Adde
405 1114 634 1167 furorem
657 1114 822 1167 animi
880 1114 1128 1183 roprium,
1153 1121 1310 1182 atque
1333 1114 1528 1168 oblivia
1550 1133 1754 1181 rerum3
1794 1120 1901 1170 840

230 1182 382 1236 Adde
405 1183 544 1264 quod
566 1184 624 1236 in
647 1183 824 1251 nigras
869 1183 1074 1250 ethargi
1098 1184 1353 1250 mergitur
1376 1183 1559 1237 undas.

300 1251 392 1304 Nil
415 1252 580 1319 lgitur
600 1269 738 1304 mors
762 1257 856 1320 est,
879 1252 948 1304 ad
971 1268 1065 1304 nos
1089 1268 1259 1320 neque
1282 1253 1512 1320 pertinet
1534 1253 1719 1321 hilum,

233 1318 668 1389 Quandoquidem
691 1325 884 1374 natura
905 1321 1071 1373 animi
1093 1320 1326 1372 mortalis
1350 1320 1598 1375 habetur:

230 1386 302 1443 Et
327 1388 474 1442 velut
495 1396 620 1443 ante
643 1396 761 1443 acto
784 1390 861 1441 nil
885 1396 1120 1458 tempore
1144 1389 1397 1441 sensimus
1422 1390 1562 1457 oegri,

230 1457 316 1513 Ad
339 1456 725 1528 confligendum
746 1458 1078 1512 venientibus
1101 1457 1336 1526 undique
1358 1457 1554 1528 poenis;

233 1526 424 1582 Omnia
446 1544 611 1597 quum
633 1528 759 1582 belli
783 1528 987 1597 trepido
1011 1543 1260 1579 concussa
1281 1527 1520 1580 tumultu

231 1596 461 1651 Horrida
483 1597 838 1652 contremuere
862 1596 958 1650 sub
981 1595 1104 1649 altis
1127 1595 1336 1648 aetheris
1359 1596 1536 1660 auris3

233 1663 302 1718 In
325 1665 454 1720 dubi
519 1684 587 1720 ue
609 1667 766 1732 fuere,
793 1671 1029 1719 utrorum
1053 1664 1121 1717 ad
1144 1681 1308 1732 regna
1330 1665 1621 1717 cadendum

231 1733 486 1788 Omnibus
547 1736 757 1788 umanis
780 1739 914 1787 esset
936 1741 1178 1802 terraque
1200 1734 1458 1801 marique:

230 1800 331 1870 Sic,
354 1804 447 1855 ubi
469 1821 574 1856 non
598 1803 805 1869 erimus,
829 1818 995 1869 quum
1017 1801 1242 1871 corporis
1265 1807 1426 1869 atque
1448 1802 1646 1855 animai
1791 1806 1901 1856 850

229 1868 524 1923 Discidium
548 1872 725 1937 fuerit,
753 1870 942 1938 quibus
966 1889 996 1924 e
1019 1887 1199 1923 sumus
1222 1870 1399 1923 uniter
1422 1871 1550 1941 apti,

230 1936 441 1992 Scilicet
464 1939 606 1992 haud
630 1938 779 1992 nobis
803 1939 1108 2007 quidquam,
1133 1939 1224 2007 qui
1246 1956 1353 1990 non
1377 1940 1566 1992 erimus
1589 1945 1720 2008 tum,

227 2006 478 2060 Accidere
501 2008 711 2060 omnino
733 2008 940 2076 poterit,
966 2024 1277 2075 sensumque
1299 2025 1535 2073 movere3

227 2073 348 2129 Non
372 2076 417 2128 si
439 2082 579 2129 terra
600 2078 734 2129 mari
756 2076 1072 2143 miscebitur,
1096 2080 1150 2128 et
1173 2094 1316 2129 mare
1340 2076 1481 2130 coelo.

297 2143 368 2197 Et
391 2144 437 2197 si
451 2146 565 2213 jam
588 2152 764 2198 nostro
788 2146 949 2198 sentit
972 2146 1036 2197 de
1062 2162 1286 2214 corpore,
1309 2152 1585 2213 postquam

225 2209 493 2267 Distracta
516 2221 596 2268 est
618 2215 782 2267 animi
805 2218 996 2267 natura
1019 2214 1311 2282 animaeque
1334 2220 1592 2281 potestas3

225 2279 319 2335 Nil
342 2288 520 2336 tamen
544 2290 623 2336 est
645 2284 713 2336 ad
737 2300 845 2349 nos,
871 2283 961 2349 qui
986 2289 1199 2351 comptu
1223 2283 1569 2351 conjugioque

226 2349 461 2420 Corporis
485 2358 643 2420 atque
664 2353 856 2405 animae
881 2351 1211 2405 consistimus
1235 2352 1410 2404 uniter
1432 2352 1560 2420 apti.

224 2418 350 2485 Nec,
375 2421 418 2472 si
440 2421 714 2472 materiam
736 2425 968 2471 nostram
992 2417 1259 2485 collegerit
1284 2425 1410 2471 aetas

223 2485 351 2539 Post
375 2488 590 2553 obitum,
614 2504 929 2553 rursumque
951 2487 1225 2552 redegerit,
1249 2492 1312 2538 ut
1337 2488 1439 2539 sita
1462 2504 1605 2540 nunc
1630 2494 1724 2555 est,
1791 2493 1814 2540 ξ
1827 2492 1900 2542 60

222 2552 399 2620 Atque
422 2554 615 2607 iterum
639 2554 786 2607 nobis
809 2554 1008 2605 fuerint
1033 2554 1160 2606 data
1183 2554 1388 2606 lumina
1411 2554 1566 2618 vitae3

282 2689 298 2708 ·
327 2686 485 2726 Desunt
506 2689 547 2727 in
569 2686 663 2727 ΜΒ.
756 2708 768 2724 f
813 2681 829 2709 ἶ
854 2687 978 2725 Deest
996 2687 1039 2724 in
1062 2686 1155 2724 Ms.
1305 2696 1326 2725 ι
1354 2687 1535 2726 admissa
1555 2689 1703 2736 malin
1733 2689 1828 2729 MS.
