2084 3000
731 191 948 244 LIBER
982 190 1362 245 SECUNDUS.
1471 220 1476 227 ·

207 293 394 359 Edere,
418 293 695 346 turmatim
716 293 1004 356 certantia;
1037 309 1137 346 nec
1160 293 1285 345 dare
1307 309 1542 362 pausam,

209 362 456 415 Conciliis
478 368 533 415 et
556 361 789 414 discidiis
811 363 1043 414 exercita.
1067 360 1286 414 crebris:

209 431 476 499 conjicere
498 437 563 484 ut
584 431 747 498 possis
770 448 838 482 ex
862 430 973 497 hoc,
997 430 1282 498 primordia
1303 446 1496 495 rerum,
1542 471 1547 478 .

210 500 379 563 Quale
403 500 486 564 sit,
509 501 569 551 in
590 516 781 566 magno
797 500 991 567 jactari
1013 516 1216 566 semper
1237 498 1400 551 inani.

206 568 490 620 Duntaxat
513 585 688 620 rerum
712 585 1022 634 magnarum
1046 584 1210 635 parva
1232 572 1405 635 potest
1427 584 1509 619 res

207 637 524 704 Exemplare
548 637 673 688 dare
695 642 750 688 et
773 636 997 702 vestigia.
1018 636 1249 688 notitia'i.

208 705 330 758 Hoc
354 706 515 758 etiam
536 705 705 771 magis
728 703 840 756 haec
863 705 1101 756 animum
1123 709 1178 754 te
1201 703 1471 756 advertere
1494 721 1591 771 par
1614 708 1694 756 est

209 774 450 842 Corpora,
474 791 592 841 ques
614 773 674 824 in
697 772 816 824 solis
840 773 1002 825 radiis
1026 771 1240 824 turbare
1264 771 1513 824 videntur
1524 791 1539 836 3

209 842 362 905 Quod
385 843 519 895 tales
541 841 710 895 turbae
733 846 906 894 motus
930 857 1138 908 quoque
1159 840 1405 893 materiai

207 910 521 978 Significant
544 910 895 963 clandestinos
917 926 1185 976 caecosque
1208 909 1429 961 subesse.

205 978 388 1032 Multa
410 978 608 1031 videbis
632 979 774 1030 enim
796 977 967 1045 plagis
990 977 1067 1030 ibi
1089 978 1290 1046 percita.
1314 977 1464 1029 caecis

206 1047 540 1101 Commutato
562 1047 719 1111 viam,
742 1052 986 1114 retroque
1006 1047 1219 1114 repulsa¹
1240 1046 1448 1114 reverti,

203 1116 367 1169 Nunc
388 1116 509 1182 huc,
532 1132 677 1168 nunc
699 1115 845 1181 illuc,
868 1116 929 1167 in
950 1122 1166 1167 cunctas
1188 1115 1423 1183 undique
1446 1120 1635 1184 partes.

204 1185 421 1238 Scilicet
443 1184 532 1237 hic
549 1201 583 1237 a
604 1184 878 1265 principiis
901 1196 982 1236 est
1004 1183 1245 1236 omnibus
1269 1201 1439 1237 error:

203 1253 387 1306 Prima
407 1259 690 1306 moventur
712 1269 854 1305 emm
876 1270 970 1321 per
993 1269 1048 1304 se
1071 1252 1355 1320 primordia.
1377 1270 1579 1305 rerum:
1689 1294 1692 1297 ,

205 1323 342 1375 Inde
365 1340 440 1387 ea,
466 1338 585 1390 quae
606 1339 768 1403 parvo
792 1327 917 1374 sunt
941 1338 1155 1389 corpora.
1178 1321 1476 1388 conciliatu,

203 1392 278 1444 Et
336 1391 450 1443 uasi
509 1407 713 1443 roxima
738 1395 863 1442 sunt
886 1390 954 1442 ad
977 1391 1114 1442 vires
1137 1390 1530 1458 principiorum,

203 1461 310 1514 Icti
346 1477 410 1513 us
438 1461 450 1472 “
496 1477 646 1512 orum
669 1460 820 1513 caecis
843 1459 1073 1528 impulsa
1097 1460 1319 1525 cientur,

204 1531 448 1612 Ipsaque,
473 1539 592 1598 quae
615 1546 767 1598 porro
789 1529 948 1598 paulo
970 1530 1184 1595 majora,
1208 1528 1485 1580 lacessunt,

200 1599 292 1652 Sic
314 1615 348 1651 a
370 1598 644 1666 principiis
668 1597 904 1650 ascendit
927 1603 1102 1649 motus
1127 1602 1181 1648 ct
1205 1595 1318 1648 exit

202 1666 473 1720 Paulatim
494 1673 697 1719 nostros
718 1667 788 1720 ad
813 1683 992 1718 sensus
1012 1684 1027 1728 ;
1065 1670 1130 1716 ut
1151 1668 1463 1717 moveantur

203 1736 310 1789 1112
331 1752 551 1804 quoque,
574 1735 634 1787 in
658 1736 778 1787 solis
802 1751 919 1802 quae
942 1733 1144 1798 lumine
1168 1749 1378 1786 cernere
1401 1732 1640 1799 quimus;

200 1804 316 1858 Nec
338 1804 529 1872 quibus
550 1804 609 1856 id
631 1804 832 1857 faciant
855 1802 1026 1872 plagis
1050 1808 1270 1871 apparet
1292 1808 1488 1871 aperte.

754 1972 837 2026 De
859 1972 1108 2026 celeritate
1129 1980 1308 2026 motus.

270 2074 441 2141 Nunc,
464 2091 581 2143 quae
604 2073 868 2128 mobilitas
892 2075 963 2126 sit
984 2075 1193 2127 reddita
1216 2073 1459 2127 materiai

201 2143 527 2212 Corporibus,
550 2144 733 2212 paucis
756 2144 883 2196 licet
905 2143 1032 2195 hi'nc
1057 2160 1378 2211 cognoscere,
1404 2141 1638 2195 Memmi.

200 2211 455 2278 Primum,
478 2213 682 2265 Aurora
704 2229 839 2265 novo
863 2229 1030 2281 quum
1055 2212 1257 2279 spargit
1280 2211 1481 2264 lumine
1504 2218 1685 2277 terras,

199 2280 273 2334 Et
296 2282 454 2334 vaxiae
478 2282 725 2349 volucres,
749 2298 964 2334 nemora
986 2280 1109 2333 avia
1132 2280 1522 2348 pervolitantes,

198 2351 345 2401 Aera.
362 2367 457 2419 per
478 2356 720 2403 tenerum
742 2350 955 2418 liquidis
978 2350 1095 2401 loca.
1118 2347 1331 2401 vocibus
1354 2348 1600 2428 opplent;

199 2416 377 2478 Quam
400 2418 573 2471 subito
597 2418 760 2471 soleat
784 2419 860 2471 sol
884 2424 1030 2471 ortus
1055 2424 1288 2485 tempore
1313 2417 1412 2470 tah

200 2486 499 2539 convestire
522 2504 619 2540 sua
640 2487 961 2555 perfundens
986 2487 1164 2538 omnia
1187 2485 1320 2551 luce,

199 2554 456 2607 Omnibus
477 2555 537 2607 in
560 2561 807 2624 promptu
830 2555 1276 2620 manifestumque
1300 2569 1409 2606 esse
1433 2550 1684 2602 videmus.

196 2626 272 2675 At
295 2639 461 2691 vapor
482 2624 542 2690 is,
567 2641 724 2691 quem
747 2623 822 2676 sol
846 2621 1031 2686 mittit,
1055 2621 1339 2686 lumenque
1363 2632 1604 2669 serenum

198 2690 322 2746 Non
342 2708 437 2761 per
459 2692 617 2746 inane
638 2697 782 2744 meat
805 2706 1062 2752 vacuum3
1096 2703 1202 2755 quo
1225 2685 1428 2737 tardius
1449 2683 1527 2734 ire

1816 195 1894 256 41,

1785 430 1887 480 120

1783 1117 1884 1168 130

1782 1804 1886 1853 140

1780 2679 1884 2728 150
