2084 3000
764 198 982 256 LIBER
1016 202 1333 257 TERTIUS.
1778 207 1876 258 101

547 337 695 405 Quid
712 338 929 410 aqebant
940 349 1064 409 post
1072 339 1257 410 funus
1277 329 1521 408 alicujus.

266 430 384 485 Hoc
408 431 570 484 etiam
593 431 815 498 faciunt,
838 431 931 484 ubi
961 431 1286 499 discubuere,
1311 437 1600 500 tenentque

196 499 392 553 Pocula
416 518 554 569 saepe
575 500 828 565 homines,
853 506 908 553 et
931 500 1242 554 inumbrant
1265 518 1356 554 ora
1380 501 1597 568 coronis,

194 567 279 621 Ex
302 570 479 623 animo
503 574 567 622 ut
594 568 791 634 dicant,
809 569 991 622 Brevis
1014 569 1104 622 hic
1127 575 1207 623 est
1229 571 1434 623 fructus
1455 570 1706 623 homullis
1728 589 1742 625 z

194 636 236 690 J
235 655 322 690 am
345 638 523 705 fuerit,
547 655 718 707 neque
741 643 859 707 post
883 654 1122 706 unquam
1143 655 1384 692 revocare
1406 639 1601 692 licebit.

194 705 307 759 Tan
341 724 468 760 uam
491 708 548 760 in
571 713 740 759 morte
761 706 892 760 mali
915 707 1218 776 cumprimis
1240 707 1340 760 hoc
1364 708 1433 760 sit
1457 725 1652 777 eorum,

196 774 277 838 Qu
370 776 484 829 sitis
508 780 698 829 exurat
720 776 949 843 miseros,
973 781 1134 844 atque
1157 776 1305 829 arida
1328 781 1523 830 torreat
1545 795 1562 841 ς
1768 780 1878 831 930

193 843 306 897 Aut
328 844 447 897 alise
472 847 620 912 cujus
644 844 960 898 desiderium
981 844 1211 898 insideat
1232 847 1327 898 rei.

192 910 304 966 Nec
328 912 429 966 sibi
451 914 593 966 enim
618 914 898 983 quisquam
922 920 1040 967 tum
1065 931 1119 966 se
1143 914 1412 983 vitamque
1434 913 1669 983 requirit,

194 980 369 1045 Quum
393 982 591 1051 pariter
612 1000 759 1035 mens
784 988 839 1036 et
863 999 1051 1052 corpus
1075 982 1246 1052 sopita
1268 983 1577 1052 quiescunt:

191 1049 332 1104 Nam
355 1049 481 1105 licet
504 1056 761 1105 aeternu'r'n
784 1069 877 1120 per
899 1069 993 1105 nos
1020 1051 1096 1104 sic
1119 1069 1229 1105 esse
1254 1069 1513 1121 soporem:

191 1117 302 1172 Nec
326 1119 642 1173 desiderium
665 1121 831 1173 nostri
854 1138 947 1175 nos
970 1121 1157 1189 attigit
1181 1121 1384 1175 ullum:

193 1186 263 1241 Et
286 1193 467 1242 tamen
488 1188 901 1258 haudquaquam
924 1196 1127 1243 nostros
1151 1194 1281 1243 tunc
1305 1189 1399 1243 illa
1421 1207 1516 1260 per
1538 1196 1684 1245 artus

190 1256 369 1325 Longe
391 1257 459 1311 ab
483 1258 743 1311 sensiferis
766 1258 1053 1327 primordia
1074 1259 1303 1312 motibus
1327 1265 1538 1314 errant:

192 1325 334 1389 Quin
358 1332 623 1396 correptus
646 1327 801 1380 homo
824 1344 891 1380 ex
915 1344 1096 1380 somno
1121 1344 1175 1380 se
1199 1327 1401 1396 colligit
1424 1328 1549 1397 ipse.

188 1392 364 1449 Multo
387 1396 556 1464 igitur
575 1400 798 1449 mortem
820 1396 995 1449 minus
1019 1395 1089 1449 ad
1113 1413 1207 1449 nos
1230 1414 1339 1449 esse
1361 1397 1661 1466 putandum
1682 1417 1695 1459 ς

188 1462 245 1517 Si
268 1464 443 1517 minus
466 1482 576 1519 esse
597 1470 785 1535 potest,
811 1481 970 1534 quam
994 1465 1133 1534 quod
1156 1465 1292 1519 nihil
1316 1482 1425 1519 esse
1450 1465 1702 1521 videmus.
1756 1469 1863 1521 940

187 1532 360 1601 Major
382 1534 524 1587 enim
547 1535 715 1588 turbae
739 1534 988 1603 disjectus
1009 1534 1253 1587 materiai

189 1602 534 1672 Consequitur
548 1604 698 1668 ,leto3
734 1620 831 1656 nec
855 1603 1135 1672 quisquam
1158 1602 1460 1672 expergitus
1484 1607 1674 1672 exstat,

186 1670 405 1740 Frigida
428 1689 585 1741 quem
608 1672 767 1726 semel
790 1677 870 1726 est
893 1672 1027 1728 vita‘i
1052 1689 1217 1741 pausa
1241 1677 1435 1728 secuta.

254 1740 496 1809 Denique
519 1742 564 1793 si
588 1758 767 1795 vocem
788 1758 966 1794 rerum
987 1747 1184 1794 natura
1206 1748 1421 1809 repente

184 1807 389 1876 Mittat,
414 1815 469 1862 et
491 1811 590 1871 hoc
613 1811 776 1864 alicui
798 1816 1037 1864 nostrum
1062 1810 1136 1863 sic
1162 1810 1398 1879 increpet
1420 1810 1562 1893 ipsa:

187 1877 328 1941 Quid
350 1877 451 1932 tibi
473 1885 747 1949 tantopere
771 1885 866 1948 est,
888 1879 1142 1948 mortalis,
1165 1880 1308 1948 quod
1331 1879 1489 1933 nimis
1513 1897 1557 1933 ae
1624 1879 1667 1933 ‘s

183 1944 439 2000 Luctibus
461 1948 745 2017 indulges?
781 1948 908 2030 quid
931 1954 1156 2002 mortem
1178 1948 1443 2018 congemis
1466 1966 1529 2002 ac
1589 1949 1685 2004 es?

181 2014 325 2068 Nam
346 2022 560 2083 gratum
582 2017 745 2074 fuerit
768 2017 869 2069 t1bi
892 2018 1005 2071 vita
1021 2024 1148 2071 ante
1171 2023 1292 2071 acta
1313 2018 1571 2099 priorque,

181 2082 256 2137 Et
278 2101 387 2136 non
409 2086 598 2153 omnia,
621 2092 895 2154 pertusum
919 2091 1167 2154 congesta
1189 2103 1341 2156 quasi
1363 2087 1422 2138 in
1443 2105 1552 2156 vas,

182 2152 464 2207 Commoda
486 2155 791 2223 perfluxere,
815 2160 976 2224 atque
998 2155 1208 2223 ingrata
1231 2156 1509 2209 interiere:
1758 2159 1864 2210 950

181 2221 291 2275 Gur
312 2239 434 2290 non,
458 2228 523 2276 ut
545 2223 733 2293 plenus
757 2224 883 2276 vitae
907 2223 1145 2291 conviva,
1167 2224 1381 2291 recedis,

178 2290 358 2361 AEquo
381 2292 662 2361 animoque
681 2293 825 2362 capis
849 2308 1101 2360 securam,
1126 2292 1304 2360 stulte,
1331 2293 1606 2362 quietem?

178 2358 277 2412 Sin
301 2378 376 2428 ea,
401 2378 517 2429 quse
541 2362 747 2414 fructus
772 2377 1040 2430 quumque
1064 2378 1134 2428 es,
1159 2362 1357 2431 periere
1379 2362 1607 2431 profusa,

179 2428 411 2498 Vitaque
433 2430 492 2482 in
517 2430 710 2482 offenso
735 2435 815 2483 est
838 2449 853 2494 3
888 2447 983 2482 cur
1004 2430 1233 2498 amplius
1257 2430 1447 2484 addere
1506 2430 1676 2496 uaeris,
1865 2495 1870 2502 ¹

177 2496 411 2551 Rursum
436 2498 572 2567 quod
597 2504 792 2567 pereat,
816 2497 959 2564 mali,
984 2503 1038 2550 et
1061 2498 1333 2567 ingratum
1356 2499 1467 2551 occi
1504 2503 1562 2551 at
1585 2515 1770 2551 omne:

174 2565 231 2618 N
231 2583 291 2619 ec
314 2567 492 2635 potius
515 2568 640 2621 vitae
663 2567 825 2621 finem
846 2567 994 2636 facis,
1014 2573 1178 2635 atque
1201 2567 1433 2620 laboris?
1623 2601 1624 2604 =

174 2634 320 2688 Nam
342 2636 442 2688 tibi
463 2642 732 2704 praeterea,
755 2636 896 2704 quod
919 2636 1191 2689 machiner
1212 2635 1584 2702 inveniamque

176 2703 333 2770 Quod
355 2704 578 2773 placeat,
601 2705 740 2757 nihil
761 2710 841 2758 est
862 2723 874 2758 ε
910 2704 1095 2758 eadem
1118 2710 1243 2758 sunt
1268 2704 1444 2757 omnia
1467 2720 1683 2771 semper.
