2084 3000
736 184 958 237 LIBER
994 184 1334 249 QUARTUS.
1772 186 1871 236 123

188 286 467 357 Asperiora
487 287 627 340 foras
649 286 894 355 gradiens
917 288 1111 340 arteria
1136 288 1342 340 clamor.
1769 289 1872 338 530

188 356 398 425 Quippe
420 373 515 425 per
538 362 836 423 angustum,
861 356 1017 408 turba
1039 358 1236 424 majore
1261 359 1437 408 coorta

186 425 274 477 Ire
296 426 436 477 foras
458 423 551 477 ubi
576 432 842 493 coeperunt
866 424 1151 493 primordia
1175 441 1376 490 vocum,

185 494 400 547 Scilicet
424 493 647 562 expletis
671 509 876 561 quoque
892 496 1061 562 Janua
1083 492 1323 545 redditur
1346 493 1448 545 oris

187 563 373 615 Rauca
397 562 508 628 viia,
534 568 588 614 et
612 562 715 613 iter
737 562 898 629 laedit,
923 578 1029 629 qua
1054 579 1157 615 vox
1181 562 1226 614 it
1249 562 1307 613 in
1331 578 1501 614 auras,

187 630 356 683 Haud
379 631 547 698 igitur
570 630 790 683 dubium
815 637 908 696 est,
933 631 1065 697 quin
1088 648 1239 684 voces
1262 630 1520 699 verbaque
1545 633 1786 683 constent

187 697 456 768 Corporeis
480 717 510 751 e
570 699 823 768 rineipii8‚
848 705 912 751 ut
934 698 1124 751 laedere
1145 699 1363 778 possint.

257 768 308 820 N
309 785 368 820 ec
395 773 449 820 te
471 768 501 820 f
571 769 615 821 it
638 768 780 835 item,
807 767 934 836 quid
960 784 1185 836 corporis
1210 767 1431 833 auferat,
1456 771 1511 819 et
1535 766 1665 834 quid

187 837 453 890 Detrahat
477 854 545 889 ex
568 836 843 889 hominum
866 836 1040 889 nervis
1066 852 1128 888 ac
1152 835 1354 888 viribus
1375 835 1501 904 ipsis

186 904 478 974 Perpetuus
504 922 681 972 sermo,
706 906 880 972 nigrai
904 903 1075 957 noctis
1098 904 1167 957 ad
1192 902 1433 956 umbram

185 974 404 1026 Aurorae
428 974 712 1042 perductus
736 973 804 1026 ab
826 974 1096 1027 exoriente
1118 973 1316 1036 nitore;
1768 973 1872 1025 540

186 1041 484 1095 Praesertim
508 1043 553 1095 si
577 1060 698 1095 cum
721 1058 922 1095 summo
946 1048 1026 1095 est
1051 1041 1274 1096 clamore
1297 1042 1572 1111 profusus:

185 1111 327 1179 Ergo
350 1128 646 1180 corpoream
669 1128 849 1165 vocem
873 1117 1111 1164 constare
1134 1128 1340 1164 necesse
1363 1117 1457 1177 est,

186 1179 365 1232 Multa
387 1180 602 1248 loquens
626 1180 876 1248 quoniam
898 1180 1102 1233 amittit
1125 1180 1190 1231 de
1214 1196 1301 1232 cor
1368 1196 1425 1232 re
1447 1184 1668 1249 partem.

185 1248 300 1302 Nec
323 1248 483 1301 simili
505 1255 786 1317 penetrant
810 1265 960 1301 aures
984 1248 1270 1317 primordia
1315 1266 1473 1315 orma,

187 1317 365 1382 Quum
388 1317 519 1370 tuba
541 1317 781 1386 depresso
805 1317 1036 1386 graviter
1060 1318 1157 1370 sub
1181 1334 1449 1369 murmure
1471 1316 1661 1384 mugit,

185 1386 261 1439 Et
282 1391 491 1439 revocat
514 1403 736 1439 raucum
757 1393 898 1439 retro
921 1386 1031 1438 cita
1052 1384 1273 1439 barbara
1295 1383 1572 1448 bombum3

189 1452 434 1509 vallibus
457 1460 511 1508 et
534 1455 693 1525 cygni
716 1472 843 1509 nece
866 1455 995 1509 torti
1018 1473 1087 1509 ex
1111 1454 1420 1509 Heliconis·

187 1525 363 1590 Quum
384 1524 646 1593 liquidam
667 1525 866 1577 tollunt
888 1524 1104 1592 lugubri
1127 1540 1255 1577 voce
1279 1523 1555 1593 querelam.

258 1594 432 1646 Hasce
453 1593 620 1662 igitur
642 1594 853 1662 penitus
875 1611 1025 1647 voces
1050 1610 1213 1662 quum
1235 1609 1447 1662 corpore
1468 1597 1643 1645 nostro

185 1661 273 1716 Ex
309 1662 562 1728 rimimun,
585 1668 830 1731 rectoque
852 1663 990 1716 foras
1014 1661 1305 1715 emittimus
1328 1678 1430 1729 ore,
1763 1664 1869 1715 550

187 1681 400 1785 Μοῖὒὶε
423 1730 672 1784 articulat
696 1731 970 1784 verborum
993 1731 1199 1784 daedala
1220 1730 1418 1798 lingua,

187 1800 602 1868 Formaturaque
623 1798 888 1853 labrorum
912 1817 1005 1869 pro
1028 1805 1180 1869 parte
1202 1798 1414 1867 figurat.

186 1868 457 1951 Asperitas
479 1875 660 1921 autem
683 1867 824 1921 vocis
845 1869 909 1921 fit
932 1866 999 1922 ab
1022 1869 1305 1938 asperitate

187 1936 590 2006 Pnncipiorum,
616 1942 672 1990 et
694 1938 822 1990 item
847 1938 1006 1991 laevor
1028 1936 1217 1991 laevore
1241 1941 1460 1990 creatur.

259 2006 391 2073 Hoc,
416 2005 509 2058 ubi
531 2023 638 2059 non
659 2006 879 2074 longum
903 2007 1135 2075 spatium
1159 2012 1254 2074 est,
1279 2006 1420 2060 unde
1442 2022 1553 2059 una
1575 2006 1809 2074 profecta

184 2074 467 2129 Perveniat
489 2091 594 2128 vox
617 2091 847 2144 quaeque,
874 2092 1080 2129 necesse
1103 2080 1183 2128 est
1206 2074 1363 2128 verba
1388 2091 1593 2143 quoque
1615 2074 1730 2142 ipsa

185 2143 354 2197 Plane
375 2142 630 2210 exaudiri,
656 2143 982 2212 discernique
1005 2144 1344 2196 articulatim.

184 2212 370 2266 Servet
391 2212 532 2265 enim
554 2213 909 2279 formaturam,
935 2218 1210 2281 servatque
1233 2212 1471 2279 figuram.

183 2280 260 2334 At
284 2281 328 2333 si
351 2281 718 2350 interpositum
743 2280 971 2349 spatium
994 2280 1058 2333 fit
1080 2280 1288 2349 longius
1313 2297 1475 2350 aequo,

182 2350 326 2404 Aera
348 2367 442 2420 per
463 2350 694 2404 multum
718 2350 972 2402 confundi
995 2346 1154 2401 verba
1174 2365 1380 2402 necesse
1404 2354 1498 2416 est,
1763 2350 1867 2400 560

183 2419 259 2472 Et
281 2418 584 2472 conturbari
607 2435 801 2485 vocem,
826 2418 955 2470 dum
978 2417 1268 2472 transvolat
1279 2435 1461 2471 auras,

183 2488 326 2556 fflgo
347 2487 425 2554 fit,
451 2487 679 2539 sonitum
702 2492 766 2539 ut
789 2487 952 2555 possis
977 2487 1183 2554 sentire,
1208 2502 1379 2555 neque
1403 2485 1551 2539 illam

185 2557 558 2623 Internoscere,
584 2554 858 2608 verborum
882 2555 1145 2608 sententia
1169 2572 1286 2622 quae
1311 2556 1406 2607 sit:

184 2625 365 2696 Usque
387 2624 517 2679 adeo
541 2624 760 2676 confusa
782 2625 930 2677 venit
952 2640 1071 2691 vox,
1094 2624 1254 2692 inque
1278 2622 1471 2691 pedita.

437 2730 455 2749 ⁰
484 2718 542 2759 Et
560 2718 708 2760 validi·
729 2732 829 2760 nece
846 2720 962 2759 tortia
982 2732 1034 2760 ex
1057 2719 1270 2759 Heliconia
1290 2719 1333 2758 in
1352 2723 1490 2765 anti-m
1523 2716 1617 2756 MS.
