2084 3000
790 171 1006 224 LIBER
1040 171 1329 226 PRIMUS.
1820 178 1892 228 35

197 274 353 326 Nam
376 274 609 327 medium
631 273 769 326 nihil
791 291 901 326 esse
924 279 1113 342 potest,
1137 273 1227 326 ubi
1250 273 1409 326 inane
1431 273 1683 341 locusque

200 343 460 396 Infinita:
496 359 667 423 neque
690 343 916 409 omnino,
941 342 984 394 si
1004 343 1117 410 jam
1137 341 1374 394 medium
1397 342 1481 408 sit,
1755 344 1891 396 1070

198 411 397 463 Posset
418 411 494 463 ibi
519 411 808 479 quidquam
829 411 930 463 hac
954 410 1131 480 potius
1155 411 1436 463 consistere
1459 427 1634 479 causa,
1715 448 1724 453 -

200 479 388 543 Quam
409 480 595 549 quavis
617 480 725 532 alia
746 478 902 547 longe
924 479 1130 532 ratione
1150 495 1376 532 manere.

201 548 397 601 Omnis
420 548 562 601 enim
584 548 727 600 locus
750 564 813 600 ac
837 548 1085 616 spatium,
1110 548 1251 615 quod
1273 548 1434 600 inane
1456 564 1718 615 vocamus,

198 616 313 669 Per
334 617 584 683 medium,
607 633 702 685 pet
722 633 829 669 non
852 616 1102 683 medium,
1128 616 1407 668 concedere
1430 622 1644 684 opertet

199 684 398 754 AEquis
420 684 749 766 ponderibus,
772 691 948 737 motus
971 701 1300 753 quecumque
1322 685 1595 737 feruntur:

201 753 322 806 Nec
347 770 621 822 quisquam
643 754 785 806 locus
810 759 904 820 est,
931 769 1035 821 quo
1060 769 1275 820 corpora
1298 769 1463 821 quum
1486 769 1689 820 venere,

202 821 462 874 Ponderis
485 823 676 875 amissa
699 823 768 886 vi,
794 822 994 891 possint
1018 827 1157 873 stare
1178 822 1237 873 in
1260 821 1434 873 inani:

200 891 336 955 Nec,
360 891 497 959 quod
519 891 676 943 inane
699 897 879 944 autem
901 896 995 954 est,
1020 890 1121 942 ulli
1146 889 1426 942 subsistere
1449 887 1620 957 debet,

204 959 367 1026 Quin,
392 977 488 1013 sua
511 960 651 1028 quod
673 965 866 1012 natura
955 959 1039 1018 tit.
1064 959 1344 1012 concedere
1367 964 1568 1027 pergat.

201 1028 261 1079 H
267 1027 376 1081 aud
399 1028 565 1097 igitur
587 1034 806 1110 possunt
829 1032 888 1080 ta,
911 1028 923 1040 ⁸
949 1030 1153 1080 ratione
1176 1028 1349 1080 teneri
1749 1030 1885 1081 1080

204 1096 313 1148 Res
335 1097 393 1148 in
417 1097 895 1178 concilium,·medii
921 1096 1178 1176 cupedine
1201 1098 1372 1149 victoe.

205 1233 274 1285 In
297 1234 533 1286 medium
555 1183 825 1300 „ffssi‘jmmsea
807 1181 1248 1302 ωἲὲἓιὲἒῗῗςῗιέ
1296 1164 1625 1301 ·q'30?-1¹2}³¹¹¹²‘

204 1301 498 1355 Humorem
520 1303 670 1373 ponti
691 1303 1001 1371 magnisque
1024 1319 1055 1355 e
1076 1302 1343 1355 montibus
1366 1303 1551 1369 undas,

203 1370 278 1423 Et
302 1371 451 1439 quasi
474 1377 680 1425 terreno
704 1388 821 1439 quae
846 1388 1058 1439 corpore
1081 1372 1478 1424 contineantur:

204 1439 280 1492 At
304 1445 487 1492 contra
509 1445 693 1493 tenues
717 1446 991 1510 exponunt
1013 1441 1151 1493 aeris
1174 1457 1343 1507 auras,

203 1508 278 1562 Et
301 1509 496 1562 calidos
520 1510 675 1562 simul
699 1527 732 1562 a.
753 1510 926 1562 medio
949 1510 1206 1563 differrier
1230 1510 1242 1521 ⁶
1322 1526 1392 1576 es,

203 1579 382 1647 Atque
404 1578 522 1632 ideo
547 1584 719 1631 totum
744 1579 1162 1631 circumtremere
1186 1584 1256 1630 aet
1295 1595 1385 1630 era
1407 1576 1584 1646 signis,

206 1646 278 1699 Et
301 1647 422 1699 solis
444 1646 711 1700 flammam
734 1665 828 1716 per
851 1648 970 1699 coeli
993 1647 1188 1700 caerula
1211 1646 1372 1715 pasci,

207 1715 361 1779 Quod
384 1714 526 1768 calor
548 1733 582 1768 a
604 1716 775 1769 medio
797 1715 1005 1784 fugiens
1027 1716 1105 1768 ibi
1128 1715 1343 1784 colligat
1367 1713 1547 1767 omnis.
1740 1717 1877 1768 1090

208 1780 445 1853 [Quippe
468 1785 629 1837 etiam
654 1784 792 1837 vesci
816 1801 846 1836 e
869 1791 1010 1838 terra
1031 1784 1276 1837 mortalia
1300 1784 1481 1847 saecla.;

207 1851 315 1905 Nec
338 1870 575 1922 prorsum
599 1853 866 1907 arboribus
890 1871 1118 1906 summos
1141 1853 1466 1906 frondescere
1489 1870 1660 1906 ramos

208 1920 374 1988 Posse,
396 1922 500 1974 nisi
523 1940 558 1976 a
580 1924 733 1975 terris
757 1922 1017 1991 paulatim
1041 1923 1232 1990 cuique
1256 1921 1490 1975 cibatum

208 1989 363 2043 Terra
384 1990 476 2043 det
494 1991 539 2072 ;]
577 1998 636 2044 at
660 2008 820 2059 supra
842 1992 1218 2059 circumtegere
1240 1991 1418 2044 omnia
1440 1991 1644 2058 coelum,

208 2058 300 2124 Ne,
323 2057 524 2112 volucri
545 2060 657 2111 ritu
677 2060 1024 2127 flammarum,
1048 2060 1243 2112 moenia.
1263 2059 1451 2111 mundi

209 2126 500 2195 Diffugient
526 2129 697 2181 subito
720 2146 975 2196 magnum
997 2145 1093 2197 per
1114 2129 1272 2181 inane
1296 2128 1468 2181 solute
1490 2146 1506 2193 ;

209 2195 277 2248 Et
297 2213 363 2249 ne
385 2202 558 2249 cetera.
581 2194 839 2250 consimili
860 2197 1065 2251 ratione
1178 2202 1389 2263 uantur,

211 2264 348 2317 Neve
370 2271 530 2318 ruant
553 2266 669 2318 coeli
694 2266 987 2334 penetralia
1010 2272 1157 2334 temp
1178 2283 1211 2318 a.
1234 2282 1473 2335 superne,

211 2332 458 2402 Terraque
482 2351 537 2387 se
559 2335 779 2403 pedibus
802 2335 999 2404 raptim
1024 2334 1298 2401 subducat,
1322 2340 1378 2386 et
1400 2351 1593 2401 omnes,

212 2401 349 2455 Inter
371 2403 657 2471 permixtas
680 2421 856 2456 rerum
880 2403 1102 2471 coelique
1124 2403 1306 2456 ruinas
1738 2403 1871 2451 1100

213 2470 426 2539 corpora
449 2470 721 2537 solventes,
744 2472 936 2525 abeant
959 2489 1054 2540 per
1077 2472 1234 2524 inane
1257 2470 1594 2538 profundum,

213 2538 463 2609 Temporis
486 2546 550 2592 ut
571 2547 771 2609 puncto
794 2541 930 2592 nihil
953 2546 1127 2593 exstet
1149 2539 1526 2618 relliquiarum,

213 2607 477 2661 Desertum
500 2616 690 2678 praeter
714 2609 945 2678 spatium
970 2613 1026 2660 et
1049 2607 1334 2676 primordia.
1358 2621 1508 2656 caece.

215 2677 338 2729 Nam
359 2694 701 2747 quaecumque
723 2677 869 2746 prius
892 2676 958 2728 de
981 2676 1125 2743 parti
1148 2690 1362 2741 corpora
1385 2672 1534 2724 desse
