2084 3000
201 206 305 256 208
832 200 889 254 Τ.
923 199 1260 253 LUGRETH

201 302 274 356 Et
296 303 491 373 passim
512 306 625 356 toto
648 307 906 357 terrarum
928 318 1172 369 spargere
1194 300 1252 352 in
1275 299 1412 365 orbe,

204 372 379 435 Quum
402 372 542 440 pluit
567 373 625 424 in
647 372 813 438 terris,
837 376 895 423 et
914 370 1063 421 venti
1085 369 1271 422 nubila
1292 372 1522 436 portant.

274 441 554 506 Postremo,
579 440 827 508 quoniam
848 455 965 491 raro
988 455 1114 489 cum
1135 454 1346 506 corpere
1369 437 1527 489 tellus

203 507 317 574 Est,
341 513 396 561 et
419 511 702 576 conjuncta
724 513 819 574 est,
843 524 957 559 oras
981 507 1141 558 maris
1168 506 1399 573 undique
1423 505 1672 571 cingens;

203 576 389 642 Debet,
413 582 477 629 ut
499 576 557 628 in
579 593 724 629 mare
747 576 813 629 de
836 575 988 628 terris
1011 575 1159 628 venit
1182 575 1370 626 humor
1394 575 1569 642 aquai,

205 644 273 697 In
296 650 459 697 terras
482 645 668 697 itidem
690 661 904 697 manare
927 660 995 696 ex
1019 659 1222 711 aequore
1246 642 1407 695 salso:

206 713 507 765 Pereolatur
529 713 672 766 enim
694 713 855 778 virus,
876 717 1119 780 retroque
1142 716 1382 763 remanat

204 781 453 834 Materies
476 782 722 848 humoris,
747 787 802 834 et
825 781 892 834 ad
916 786 1079 848 caput
1102 779 1343 831 amnibus
1368 778 1540 831 omnis

206 849 465 914 Confiuit3
499 851 623 903 inde
646 867 801 918 super
824 855 994 902 terras
1013 848 1151 900 redit
1173 848 1386 914 agmine
1410 848 1574 911 dulci,

207 918 325 981 Qua.
345 919 435 971 via
457 926 599 972 secta
622 919 781 971 semel
803 917 1001 986 liquido
1023 916 1156 985 pede
1180 915 1375 968 detulit
1398 916 1580 968 undas.

901 1030 982 1084 De
1005 1030 1190 1084 AEtna.

276 1118 431 1171 Nunc
452 1116 587 1169 ratio
611 1132 729 1183 quae
752 1115 835 1181 sit,
858 1131 952 1183 per
973 1115 1150 1168 fauces
1171 1114 1365 1167 montis
1389 1120 1451 1167 ut
1473 1114 1651 1166 AEtnae

208 1186 490 1255 Exspirent
512 1185 659 1253 ignes
681 1183 949 1235 interdum.
973 1184 1183 1236 turbine
1208 1190 1373 1251 tante,

209 1254 527 1324 Expediam:
562 1270 731 1322 neque
755 1252 895 1305 enim
918 1252 1093 1304 media
1115 1252 1181 1304 de
1204 1252 1372 1304 clade¹
1397 1258 1576 1305 coorta.

210 1324 459 1377 Flammae
483 1329 778 1389 tempestas,
804 1320 1041 1373 Siculum
1065 1321 1336 1373 dominata
1358 1337 1451 1389 per
1473 1337 1639 1388 agros,

211 1392 477 1445 Finitimis
500 1391 569 1445 ad
593 1408 645 1443 se
670 1390 926 1443 convertit
948 1389 1200 1455 gentibus
1217 1406 1321 1455 ora,

212 1461 439 1515 Fumida
462 1477 629 1530 quum.
649 1459 768 1512 coeli
791 1458 1077 1511 scintillare
1100 1458 1276 1511 omnia
1301 1458 1499 1527 templa

213 1530 508 1596 Cernentes,
532 1529 726 1598 pavida
747 1527 1079 1595 complebant
1103 1533 1315 1594 pectora
1340 1544 1482 1594 cura,

215 1599 354 1664 Quid
377 1598 647 1651 moliretur
669 1614 847 1649 rerum
868 1602 1059 1648 natura
1083 1613 1350 1648 novarum.

285 1668 443 1719 Hisce
467 1667 564 1719 tibi
588 1666 645 1717 in
669 1665 821 1717 rebus
845 1665 952 1716 late
975 1670 1062 1715 est
1079 1664 1289 1732 alteque
1307 1664 1604 1730 videndum,

213 1735 285 1788 Et
306 1737 462 1803 longe
484 1741 701 1788 cunctas
720 1734 779 1785 in
800 1739 975 1801 partes
999 1733 1396 1800 dispiciendum,

216 1805 290 1856 Ut
312 1803 673 1868 reminiscaris,
699 1819 955 1854 summam
979 1818 1153 1852 rerum
1176 1818 1285 1853 esse
1309 1801 1638 1869 profundam,

215 1873 285 1924 Et
309 1872 500 1937 videaS,
525 1871 716 1923 coelum
741 1872 966 1922 summai
992 1870 1155 1921 totius
1180 1886 1346 1921 unum

217 1942 387 2004 Quam
411 1940 480 1991 sit
502 1939 723 2007 parvula
746 1956 880 2006 pars,
905 1949 960 1989 et
983 1956 1141 2005 quam
1165 1938 1465 1989 multesima
1489 1942 1724 1990 constet:

216 2009 327 2061 Nec
351 2014 462 2060 tota
486 2024 620 2075 pars,
645 2007 798 2057 homo
822 2009 982 2057 terrai
1008 2013 1169 2073 quota
1194 2006 1356 2058 totius
1380 2023 1531 2058 unus.

219 2077 367 2140 Quod
392 2076 521 2127 bene
581 2074 869 2141 repositum
892 2074 935 2124 si
959 2074 1115 2141 plane
1140 2080 1429 2140 contueare,

217 2146 294 2196 Ac
319 2145 495 2196 videas
519 2092 687 2224 plane,
715 2142 893 2194 mirari
917 2142 1090 2193 multa
1113 2143 1395 2209 relinquas,

287 2214 429 2265 Num
452 2229 569 2281 quis
593 2212 732 2263 enim
755 2209 993 2263 nostrum
1017 2211 1253 2276 miratur,
1279 2211 1323 2262 si
1346 2211 1465 2279 quis
1487 2210 1544 2262 in
1568 2215 1715 2262 artus

217 2282 437 2348 Accepit
459 2280 628 2333 calido
652 2279 839 2331 febrim
863 2279 1062 2331 fervore
1086 2285 1328 2343 coortam,

217 2349 330 2400 Aut
352 2349 518 2400 alium
542 2347 774 2416 quemvis
798 2348 963 2398 morbi
988 2364 1081 2413 per
1103 2347 1335 2398 membra
1360 2346 1622 2399 dolorem?

220 2415 553 2481 Obturgescit
576 2416 717 2465 enim
741 2413 912 2465 subito
937 2430 1048 2481 pce,
1066 2414 1252 2480 arripit
1275 2431 1393 2466 acer

217 2480 365 2546 Saepe
388 2482 533 2533 dolor
556 2483 752 2546 dentes,
779 2481 952 2531 oculos
977 2481 1181 2531 invadit
1204 2482 1261 2532 in
1286 2482 1423 2549 ipsos
1447 2500 1460 2543 ;

217 2546 441 2598 Exsistit
464 2565 606 2599 sacer
628 2549 778 2614 ignis,
804 2554 858 2598 et
884 2547 988 2597 urit
1011 2562 1220 2613 corpore
1244 2566 1452 2616 serpens

219 2611 613 2681 Quamcumque
636 2614 860 2683 arripuit
882 2618 1100 2680 partem,
1123 2616 1363 2683 repitque
1386 2632 1479 2683 per
1501 2622 1679 2680 artum

879 2694 895 2730 1
918 2693 1091 2744 glanem
1119 2694 1211 2732 MS.

1775 302 1878 350 630

1782 1802 1885 1852 650

1785 2483 1887 2532 660
