2084 3000
181 178 248 230 76
790 178 847 228 Τ.
884 176 1216 228 LUCRETII

190 274 351 327 Hune
374 275 541 341 igitur
565 279 812 326 terrorem
836 272 999 324 animi
1024 272 1377 339 tenebrasque,
1402 288 1608 326 necesse
1632 279 1710 325 est

184 342 302 394 Non
325 343 462 395 radii
486 341 621 407 solie,
647 358 816 409 neque
839 341 1017 393 lucida
1042 341 1149 393 tela
1173 341 1279 392 diei

181 411 504 478 Discutiant‚
529 410 620 462 sed
644 416 848 462 uaturae
874 410 1085 478 specieS‚
1110 409 1360 477 ratioque.

482 525 563 579 De
586 524 765 578 animi
786 532 831 576 et
855 524 1052 577 anim
1075 533 1272 578 natura
1295 540 1556 594 sensuque.

253 615 492 671 Primum
515 618 752 671 animum
777 617 907 683 dieo,
931 623 1165 668 mentem
1200 634 1359 684 quem
1384 634 1519 685 saepe
1544 635 1811 680 meamne,

184 687 251 739 In
276 704 377 755 quo
402 687 678 739 eonsilium
702 686 827 738 vitae
850 687 1186 753 regimenque
1209 687 1440 740 locatum
1464 692 1558 753 est,

183 756 310 809 Esse
334 756 560 809 hominis
584 761 788 824 partem
812 754 978 806 nihilo
1002 754 1191 820 minus,
1215 772 1279 807 ae
1300 771 1487 806 manus
1511 762 1566 808 et
1588 773 1680 824 pes

185 827 360 893 Atque
383 825 520 877 oculi
547 830 721 892 partes
748 823 1032 876 animantis
1057 823 1222 875 totius
1247 829 1473 876 exstant.

186 893 436 958 Quamvis
458 893 630 945 multa
655 891 866 959 quidem
890 891 1189 959 sapientum
1212 891 1367 945 turba
1389 897 1665 961 putarunt,

185 962 409 1014 Sensum
431 961 596 1015 animi
620 966 764 1012 certa.
786 976 892 1012 non
917 976 1026 1012 esse
1049 960 1108 1011 in
1133 967 1280 1030 parte
1303 961 1536 1014 locatum
1555 980 1570 1024 3

186 1030 386 1082 Verum
409 1029 653 1082 habitum
678 1028 941 1096 quendam
965 1028 1184 1082 vitalem
1207 1047 1268 1083 oo
1362 1030 1434 1081 ris
1458 1047 1582 1096 esse,
1759 1032 1865 1081 100

187 1097 533 1151 Harmoniam
557 1096 701 1149 Graii
724 1113 884 1165 quam
908 1098 1109 1163 dieunt,
1134 1099 1272 1167 quod
1319 1099 1457 1152 aciei
1482 1115 1575 1151 nos

187 1168 377 1220 Vivere
400 1183 520 1218 oum
544 1183 714 1233 sensu,
739 1166 890 1219 nulla
913 1183 1080 1234 quum
1103 1167 1161 1219 in
1184 1175 1336 1235 parte
1359 1168 1459 1220 siet
1480 1184 1660 1221 mens:

188 1237 262 1289 Ut
284 1236 421 1288 bona
445 1252 582 1304 saepe
607 1234 855 1289 valetudo
879 1251 1045 1303 quum
1070 1235 1265 1288 dieitur
1287 1252 1398 1288 esse

186 1304 439 1373 corporis,
461 1311 516 1357 et
540 1320 645 1355 non
669 1309 749 1356 est
773 1311 951 1356 tamen
975 1303 1090 1356 haeo
1114 1322 1234 1373 pars
1260 1305 1370 1357 ulla
1393 1304 1620 1358 valentis
1640 1323 1656 1368 ;

187 1374 275 1426 Sic
297 1373 463 1426 animi
485 1389 695 1425 sensum
718 1389 825 1425 non
849 1378 993 1424 certa.
1014 1381 1166 1440 parte
1189 1379 1451 1441 reponunt
1472 1392 1484 1426 :

188 1443 507 1511 Magn-onere
529 1443 588 1494 in
614 1458 716 1510 quo
739 1441 816 1494 mi
842 1441 1033 1493 diversi
1057 1459 1228 1495 errare
1252 1442 1511 1496 videntur.

254 1495 407 1582 Saepe⁴
423 1513 607 1581 utique
630 1512 688 1564 in
687 1516 959 1634 231¹?um
983 1528 1186 1579 eorpus,
1210 1512 1350 1579 quod
1375 1513 1622 1579 cernitur,
1643 1526 1861 1579 aegmm,

189 1581 371 1642 Quum
393 1588 572 1635 tamen
596 1598 664 1633 ex
744 1581 756 1593 ‘
815 1579 1061 1632 laetamur
1082 1586 1233 1649 parte
1255 1580 1482 1646 latenti3

186 1650 257 1703 Et
283 1656 420 1703 retro
442 1650 520 1717 fit,
544 1650 628 1703 uti
653 1656 834 1704 eontra
858 1648 928 1702 sit
952 1665 1089 1717 saepe
1114 1649 1358 1717 vicissim,

188 1720 366 1781 Quum
388 1719 545 1771 miser
569 1736 636 1772 ex
660 1719 835 1772 animo
858 1717 1076 1771 laetatur
1098 1735 1310 1786 eorpore
1333 1722 1445 1770 toto
1465 1737 1480 1782 3
1763 1718 1869 1768 110

186 1786 309 1840 Non
332 1787 435 1839 alio
459 1790 629 1854 pacto,
653 1803 812 1854 quam
836 1786 895 1854 si,
921 1803 1012 1855 pes
1034 1804 1199 1855 quum
1223 1786 1365 1840 dolet
1389 1787 1528 1855 aegri,

187 1856 254 1908 In
277 1855 425 1908 nullo
449 1861 610 1924 eaput
632 1855 836 1907 interea
859 1856 928 1908 sit
952 1855 1088 1909 forte
1113 1856 1303 1909 dolore.

256 1924 518 1976 Praeterea
539 1924 687 1976 molli
711 1940 889 1976 somno
913 1941 1079 1993 quum
1104 1925 1283 1977 dedita
1304 1925 1553 1991 membra,

185 1992 527 2059 Effusumque
542 1994 686 2060 jacet
710 1993 823 2044 sine
846 2009 1002 2046 sensu
1025 2009 1214 2063 eorpus
1236 2001 1515 2047 onustum:

186 2061 282 2114 Est
305 2061 451 2114 aliud
475 2068 651 2114 tamen
674 2061 732 2114 in
754 2061 919 2129 nobis,
943 2062 1082 2129 quod
1106 2068 1339 2132 tempore
1362 2063 1420 2115 in
1443 2063 1535 2114 illo

187 2129 516 2183 Multimodis
539 2131 786 2197 agitatur,
811 2136 865 2183 et
889 2148 1068 2184 omnes
1091 2132 1285 2201 accipit
1307 2132 1365 2184 in
1389 2148 1444 2183 se

186 2199 414 2252 Laetitiae
437 2205 611 2251 motus
634 2216 697 2252 ae
720 2217 871 2253 curas
895 2200 1065 2253 eordis
1088 2200 1286 2252 inanes.

254 2269 410 2321 Nune
433 2267 664 2321 animam
687 2286 890 2338 quoque
915 2275 976 2322 ιιι
999 2269 1058 2321 in
1080 2270 1327 2322 membris
1351 2285 1656 2337 cognoscere
1682 2266 1846 2336 possis

186 2337 327 2404 Esse,
349 2352 519 2404 neque
541 2337 869 2391 harmoniam
893 2356 1080 2407 eorpus
1102 2339 1327 2391 retinere
1351 2338 1514 2391 solere
1533 2356 1549 2402 ;

185 2405 452 2474 Principio
475 2405 554 2473 fit,
576 2407 673 2472 uti,
698 2406 933 2459 detracto
957 2424 1169 2475 corpore
1185 2407 1370 2474 multo,
1771 2407 1836 2456 12

185 2474 332 2542 Saepe
355 2481 533 2527 tamen
556 2475 704 2527 nobis
726 2475 785 2527 in
806 2474 1052 2528 membris
1075 2476 1188 2528 vita
1208 2481 1443 2528 moretur
1464 2492 1480 2539 ς

185 2545 260 2595 At
295 2561 363 2595 ue
385 2543 567 2596 eadem
589 2562 785 2612 rursus,
812 2561 976 2613 quum
999 2561 1213 2663 eogere
1235 2561 1406 2613 pauca.
1429 2542 1616 2596 caloris

186 2611 252 2663 D·
297 2628 468 2679 ugere,
492 2612 733 2680 forasque
756 2630 848 2680 per
872 2628 927 2663 os
950 2619 1030 2664 est
1124 2613 1226 2664 ’tus
1249 2614 1355 2678 aer,

185 2677 392 2732 Deserit
415 2680 680 2750 extemplo
705 2698 876 2747 venas,
901 2685 1063 2747 atque
1086 2696 1200 2732 ossa
1221 2679 1475 2748 relinquit
1495 2697 1511 2742 3
