2084 3000
768 218 986 271 LIBER
1021 218 1301 274 SEXTUS.
1777 220 1881 270 225

203 322 337 387 Ibat,
361 325 417 376 et
439 322 498 375 in
521 326 697 392 partes
721 323 978 394 genitales
1003 341 1063 376 co
1127 323 1229 376 oris
1252 323 1407 391 ipsas.

199 391 271 444 Et
293 393 526 460 graviter
548 393 744 460 partim
767 400 1065 453 metuentes
1110 394 1276 445 imina
1300 392 1397 444 leti

201 460 480 528 Vivebant‚
504 462 641 514 ferro
664 462 860 540 privati
885 469 1036 530 parte
1061 462 1229 514 virili:

197 529 270 582 Et
290 530 536 583 manibus
561 531 672 594 sine
696 532 941 592 nonnulli
964 530 1288 605 pedibusque
1311 527 1598 583 manebant

199 598 266 651 In
289 599 402 652 vita
424 605 621 667 tamen,
643 605 698 654 et
721 600 1010 667 perdebant
1032 600 1238 658 lumina
1260 601 1484 668 partim:
1747 599 1882 649 1210

198 667 374 735 Usque
397 669 526 720 adeo
549 669 733 730 mortis
756 674 929 728 metus
953 669 1036 720 his
1061 669 1341 721 incesserat
1365 686 1499 722 acer.

196 735 374 805 Atque
398 738 560 789 etiam
584 738 840 806 quosdam
863 755 1047 806 cepere
1071 738 1266 790 oblivia
1287 755 1467 789 rerum

198 805 533 873 Cunctarurm
557 815 729 875 neque
754 824 808 858 se
831 813 1042 875 possent
1067 824 1374 874 cognoscere
1399 814 1462 859 ut
1485 806 1603 876 ipsi.

265 874 544 943 Multaque
568 876 718 938 humi
743 893 908 943 quum
931 875 1211 928 inhumata
1226 878 1468 943 jacerent
1492 892 1707 945 corpora
1724 892 1884 945 supra

198 943 523 1013 Corporibu3‚
547 951 726 1007 tamen
751 945 981 1006 alituum
1003 962 1171 1014 genus
1195 952 1355 1014 atque
1379 945 1611 998 ferarum

197 1013 312 1065 Aut
334 1014 515 1081 procul
539 1013 829 1081 absilijebat,
856 1020 917 1072 ut
941 1031 1118 1073 acrem
1140 1014 1309 1067 exiret
1333 1015 1570 1080 odorem;

195 1080 323 1149 Aut,
349 1081 441 1134 ubi
465 1089 720 1151 gustarat,
744 1083 1032 1152 languebat
1056 1092 1224 1137 morte
1248 1085 1555 1155 propinqua.

197 1149 310 1203 Nec
333 1157 513 1204 tamen
538 1153 752 1204 omnino
776 1159 971 1205 temere
994 1153 1101 1205 illis
1126 1155 1320 1206 solibus
1347 1155 1458 1207 ulla

197 1219 541 1287 Comparebat
564 1220 703 1272 avis:
739 1237 837 1272 nec
861 1222 1058 1273 noxia¹
1082 1223 1237 1274 saecla
1260 1223 1489 1275 ferarum

196 1287 434 1341 Exibant
460 1288 638 1351 silvis:
674 1288 1000 1355 languebant
1023 1289 1274 1357 pleraque
1296 1291 1497 1360 morbo2
1743 1293 1882 1345 1220

196 1357 268 1410 Et
290 1357 683 1410 moriebantur:
720 1374 843 1408 cum
866 1356 1049 1425 primis
1074 1358 1180 1410 fida
1204 1376 1394 1411 canum
1418 1360 1499 1412 vis

197 1425 378 1479 Strata
400 1427 499 1479 viis
524 1427 757 1490 animam
780 1425 1008 1494 ponebat
1031 1427 1090 1480 in
1115 1428 1356 1480 omnibus
1380 1445 1545 1495 aegre:

195 1494 559 1566 Extorquebat
583 1496 733 1557 enim,
750 1497 916 1548 vitam
941 1495 1020 1548 vis
1043 1496 1282 1549 morbida
1304 1498 1565 1559 membris.

196 1565 515 1618 Incomitata
537 1567 654 1635 rapi
677 1564 950 1618 certabant
972 1565 1162 1618 funera
1183 1572 1359 1619 vasta:

194 1633 307 1687 Nec
328 1636 464 1686 ratio
486 1634 685 1687 remedi
713 1634 1004 1689 communis
1027 1641 1172 1689 certa
1196 1635 1434 1691 dabatur.

193 1703 335 1755 Nam
358 1704 501 1772 quod,
519 1703 593 1757 ali
621 1705 837 1756 dederat
862 1704 1051 1756 vitales
1074 1705 1212 1757 acris
1236 1722 1391 1759 auras

194 1771 419 1826 Volvere
442 1774 500 1824 in
523 1791 609 1825 ore
633 1773 817 1841 licere„
831 1780 884 1825 et
908 1774 1025 1826 coeli
1051 1774 1251 1843 templa
1275 1774 1412 1827 tucri
1424 1793 1454 1840 5*

195 1839 313 1894 Hoc
338 1841 455 1894 aliis
480 1848 594 1894 erat
618 1844 796 1910 exitio,
821 1843 1089 1911 letumque
1113 1844 1348 1911 parabat.

267 1910 412 1964 Illud
435 1911 492 1963 in
515 1912 601 1965 his
623 1912 778 1965 rebus
801 1913 1160 1967 miserandum
1185 1919 1239 1966 et
1262 1930 1579 1982 magnopere
1603 1932 1768 1970 unum

191 1978 561 2033 AErumnabile
585 1988 713 2049 erat,
739 1982 894 2050 quod,
919 1981 1014 2034 ubi
1037 2001 1092 2035 se
1116 1983 1340 2051 quisque
1365 1984 1579 2046 videbat
1744 1988 1878 2039 1230

193 2049 528 2116 Implicitam
550 2051 743 2117 morb0,
768 2052 926 2104 morti
951 2052 1232 2106 damnatus
1257 2060 1320 2105 ut
1344 2060 1495 2122 esset,
1578 2051 1581 2057 ’

193 2116 459 2179 Deficiens
482 2120 673 2186 animo,
698 2126 883 2172 moesto
908 2138 1029 2173 cum
1055 2123 1208 2174 corde
1224 2123 1455 2189 jacebat,

189 2185 405 2239 Funera
427 2195 742 2257 respectans,
768 2189 1001 2241 animam
1025 2196 1080 2241 et
1104 2191 1353 2244 mittebat
1376 2190 1589 2247 ibidem.

262 2255 470 2324 Quippe
493 2258 689 2309 etenim
700 2258 861 2318 „nullo
882 2259 1156 2312 cessabant
1180 2266 1413 2330 tempore
1435 2261 1602 2331 apisci

187 2323 277 2379 Ex
301 2324 420 2377 aliis
444 2325 575 2378 alios
598 2327 743 2385 avidi
767 2329 1013 2394 contagia
1035 2328 1219 2395 morbi,

187 2393 477 2461 Lanigeras
500 2402 758 2462 tanquam
781 2397 1007 2464 pecudes
1032 2404 1088 2451 et
1110 2397 1304 2451 bucera
1327 2398 1496 2454 saecla.

187 2462 358 2531 quue
382 2465 467 2515 vel
490 2464 548 2515 in
567 2465 749 2533 primis
773 2465 1078 2518 cumulabat
1102 2467 1285 2519 funere
1308 2468 1499 2523 funus:

185 2531 330 2584 Nam
355 2533 671 2600 quicumque
696 2551 815 2586 suos
838 2534 1145 2601 fugitabant
1169 2537 1336 2589 visere
1359 2538 1430 2589 ad
1454 2554 1633 2609 aegros,

187 2599 343 2655 vitai
367 2601 592 2655 nimium
615 2604 832 2672 cupidos
855 2604 1141 2672 mortisque
1165 2604 1414 2659 timentes

866 2698 885 2721 ⁸
910 2698 1057 2746 sertim
1086 2698 1181 2738 MS.
