2084 3000
755 212 969 264 LIBER
1006 213 1346 277 QUARTUS.
1790 217 1887 270 127

213 312 291 366 At
315 317 511 379 contra,
537 312 726 382 quibus
750 318 830 367 est
853 314 1035 367 eadem
1056 332 1138 367 res
1163 314 1308 367 intus
1332 315 1531 381 acerba,

212 384 290 435 As
357 400 417 434 ra
440 383 692 435 nimirum
714 388 996 450 penetrant
1019 384 1341 451 hamataque
1363 384 1557 436 fauces.

335 469 440 504 unc
464 451 619 504 facile
643 459 721 504 est
746 468 812 503 ex
837 452 920 503 his
943 451 1096 504 rebus
1120 469 1425 520 cognoscere
1451 469 1685 521 quaeque.

209 520 355 641 33?
347 538 454 643 {³153
462 519 677 642 Ὲῖῑὲἓί
688 520 984 658 ῗξιὲξῗᾈῗέἒ
1004 528 1297 643 ῖῗὲῖῖἑέἷὲ
1309 529 1506 644 ἑῖῖὶῗ
1527 528 1621 587 ‘³⁸¹⁵’

1492 630 1507 654 9

211 657 558 712 Perturbatur
581 659 656 710 ibi
672 661 787 727 jam
812 663 986 711 totum
1009 676 1211 726 corpus,
1237 665 1292 711 et
1315 677 1493 712 omnes

210 726 617 780 commutantur
639 727 715 780 ibi
736 727 985 796 positurae
1010 728 1413 796 principiorum:

207 794 316 862 Fit,
340 797 486 864 prius
508 796 578 849 ad
602 813 810 849 sensum
834 812 951 863 quse
975 812 1189 864 corpora
1212 796 1605 864 conveniebant,
1781 798 1883 852 670

207 864 368 917 Nunc
391 881 498 917 non
522 866 851 932 conveniant,
876 871 930 917 et
954 870 1128 917 cetera
1152 866 1261 917 sint
1282 866 1451 933 magis
1475 872 1617 935 apta,

209 933 336 997 Quae
359 940 636 1001 penetrata
660 939 862 1002 queunt
885 951 1095 986 sensum
1119 934 1427 1002 progignere
1450 932 1710 989 acerbum.

209 1002 445 1070 Utraque
468 1005 610 1055 enim
632 1009 757 1055 sunt
779 1004 838 1055 in
859 1003 1030 1056 mellis
1055 1004 1339 1056 commixta
1362 1020 1543 1071 sapore
1561 1022 1577 1068 3

208 1071 275 1124 Id
298 1071 439 1141 quod
450 1074 568 1142 jam
590 1089 778 1141 supera
801 1073 902 1124 tibi
925 1090 1062 1142 saepe
1085 1072 1407 1126 ostendimus
1430 1079 1569 1127 ante.

912 1189 994 1243 De
1017 1189 1180 1243 odore.

275 1275 433 1329 Nunc
455 1292 568 1344 age,
594 1292 694 1345 quo
717 1280 872 1344 pacto
894 1292 1047 1328 nares
1069 1275 1307 1343 adjectus
1331 1273 1501 1327 odoris

205 1343 426 1412 Tangat,
450 1362 620 1412 agam.
680 1344 919 1396 Primum
942 1361 1024 1396 res
1047 1344 1243 1396 multas
1267 1353 1377 1395 esse
1398 1359 1606 1395 necesse
1630 1345 1723 1410 est,

204 1413 359 1466 Unde
381 1413 549 1466 fluens
572 1414 753 1467 volvat
775 1413 950 1465 varius
975 1429 1030 1465 se
1053 1412 1245 1465 fluctus
1269 1412 1483 1464 odorum
1502 1430 1515 1474 ;

202 1481 275 1536 Et
299 1482 474 1551 fluere,
498 1489 555 1536 et
575 1483 720 1536 mitti
743 1482 918 1551 vulg0,
944 1482 1223 1550 spargique
1246 1479 1545 1549 putandum
1568 1483 1661 1533 est.

204 1552 403 1604 Verum
426 1552 545 1605 aliis
569 1552 705 1605 alius
727 1552 897 1619 magis
920 1558 999 1604 est
1022 1549 1381 1603 animantibus
1404 1555 1576 1616 aptus,

201 1620 492 1673 Dissimiles
515 1626 729 1691 propter
749 1620 968 1674 formas:
1005 1619 1226 1687 ideoque
1249 1635 1343 1687 per
1365 1634 1521 1670 auras
1772 1619 1877 1672 680

199 1689 378 1742 Mellis
401 1707 525 1758 apes
549 1689 786 1758 quamvis
808 1688 964 1757 longe
988 1689 1259 1740 ducuntur
1277 1686 1461 1749 odore3

201 1758 540 1827 Vultur-iique
563 1758 934 1821 cadaveribus;
958 1763 1090 1824 tum,
1113 1756 1235 1808 fissa
1258 1756 1488 1807 ferarum

198 1826 414 1896 Ungula
436 1844 536 1896 quo
560 1827 746 1880 tulerit
767 1844 1017 1895 gressum,
1042 1825 1295 1894 promissa
1318 1840 1509 1876 canum
1535 1822 1614 1876 vis

195 1894 388 1961 Ducit3
425 1903 480 1949 et
502 1897 797 1949 humanum
820 1896 974 1963 longe
997 1894 1271 1964 praesentit
1294 1892 1502 1946 odorem

197 1963 597 2018 Romulidarum
619 1964 754 2017 areis
778 1970 1023 2031 servator,
1048 1963 1304 2015 candidus
1327 1979 1492 2015 anser.

195 2033 281 2087 Sic
306 2034 424 2087 aliis
447 2034 584 2087 alius
607 2033 761 2086 nidor
784 2032 942 2085 datus
965 2033 1033 2085 ad
1058 2048 1155 2084 sua
1178 2047 1439 2100 quemque

193 2102 397 2157 Pabula
419 2103 581 2171 ducit,
606 2108 661 2156 et
684 2119 717 2155 a
740 2108 877 2155 tetro
899 2102 1099 2154 resilire
1121 2117 1322 2153 veneno

195 2171 264 2225 Co
302 2172 375 2236 it;
410 2189 577 2240 eoque
599 2171 753 2224 modo
778 2175 1053 2223 servantur
1076 2169 1230 2222 saecla
1251 2169 1496 2221 ferarum.

319 2242 369 2293 ic
392 2242 518 2294 odor
539 2242 653 2309 ipse
676 2240 858 2308 igitur,
882 2255 1034 2291 nares
1059 2237 1378 2305 quicumque
1400 2235 1624 2310 lacessit,

189 2308 286 2362 Est
309 2310 413 2363 alio
435 2316 498 2363 ut
591 2309 685 2363 ssit
709 2308 944 2378 permitti
967 2305 1176 2374 longius
1199 2306 1358 2359 alter:
1764 2306 1866 2357 690

189 2377 292 2431 Sed
315 2386 494 2432 tamen
588 2378 663 2430 ud
686 2378 966 2446 quisquam
988 2382 1101 2428 tam
1124 2373 1279 2443 longe
1299 2376 1470 2427 fertur
1492 2390 1686 2440 eorum,

192 2446 362 2510 Quam
385 2448 601 2515 sonitus,
626 2463 788 2515 quam
811 2462 944 2508 νοις
977 2445 1135 2496 mitto
1152 2446 1267 2512 jam
1291 2443 1475 2508 dicere,
1501 2458 1661 2510 quam
1683 2452 1781 2510 res,

191 2514 318 2578 Quae
341 2516 540 2568 feriunt
563 2515 833 2568 oculorum
857 2514 1006 2577 acies,
1031 2514 1303 2580 visumque
1326 2512 1602 2564 lacessunt.

189 2582 527 2636 Errabundus
551 2584 693 2636 enim
716 2583 866 2636 tarde
890 2583 1051 2648 venit,
1075 2598 1138 2633 ac
1161 2581 1299 2649 perit
1322 2584 1447 2632 ante

190 2649 471 2719 Paulatim,
494 2652 667 2704 facilis
690 2647 974 2704 distractus
997 2651 1056 2702 in
1079 2649 1217 2703 aeris
1240 2664 1395 2701 auras
1413 2665 1430 2709 3

192 2719 277 2773 Ex
299 2721 409 2775 alto
432 2720 663 2789 primum
686 2720 811 2789 quia
833 2719 926 2773 vix
949 2718 1213 2772 emittitur
1235 2733 1302 2770 ex
1324 2732 1396 2769 re.
