2084 3000
791 206 1011 263 LIBER
1047 207 1325 261 SEXTUS.
1794 211 1893 263 195

167 368 175 374 ῃ
218 305 443 372 Insuper
464 321 573 358 esse
597 304 714 358 aliis
737 306 855 372 alia,
880 312 1040 376 atque
1067 324 1248 375 urgere
1273 325 1499 377 superna

217 374 284 426 In
308 375 532 426 statione
555 373 726 427 locata
749 376 966 443 sepultis
990 375 1224 443 undique
1248 378 1444 430 ventis:

216 442 350 493 'l'um
373 443 566 511 poteris
588 460 806 562 maqnas
829 444 991 496 moles
1014 462 1075 500 co
1149 462 1320 498 oscere
1344 464 1536 514 eorum,

215 510 604 579 Speluncasque
626 529 690 564 ve
716 517 772 571 ut
795 512 936 568 saxis
957 530 1064 581 pen
1101 513 1296 566 entibu’
1322 520 1547 574 structas

215 579 449 647 Cernere,
474 597 603 648 quas
628 581 774 636 venti
798 597 981 648 quum,
1002 587 1317 649 tempestate
1341 591 1529 651 coorta,

215 648 569 716 Complerunt,
591 666 784 716 magno
807 648 1154 717 indignantur
1176 667 1443 704 murmure
1467 653 1634 710 clausi

213 716 472 783 Nubibus,
497 718 554 769 in
578 718 853 785 caveisque
876 719 1108 772 ferarum
1130 735 1272 771 more
1294 720 1591 778 minantur:

213 785 266 837 N
269 803 373 838 une
395 786 535 853 hinc,
558 803 701 838 nunc
723 787 873 842 illinc
894 787 1138 845 fremitus
1162 805 1254 856 per
1277 787 1457 842 nubila
1480 790 1734 843 mittunt:

215 854 624 923 Quaerentesque
648 855 790 906 viam
814 856 1303 923 circumversantur,
1328 865 1383 909 et
1406 857 1545 925 ignis
1787 861 1891 911 200

212 922 427 975 Semina
450 924 769 976 convolvunt
793 942 821 975 e
845 924 1100 982 nubibus:
1136 933 1295 992 atque
1318 925 1397 977 ita
1421 932 1618 994 cogunt

213 991 405 1058 Multa,
426 998 709 1060 rotantque
734 993 874 1045 cavis
897 993 1165 1045 flammam
1187 993 1485 1048 fornacibus
1508 996 1666 1063 intuS,

212 1060 392 1113 Donec
416 1060 622 1116 divulsa
643 1061 908 1114 fulserunt
930 1063 1070 1116 nube
1093 1063 1304 1117 corusci.

582 1211 663 1265 De
686 1209 910 1265 nubibus
931 1211 1130 1264 semim
1154 1211 1329 1280 iynita
1354 1212 1526 1267 imese.

286 1306 404 1358 Hac
428 1306 588 1359 etiam
609 1308 672 1361 fit
694 1307 778 1361 uti
801 1307 867 1362 de
891 1324 1051 1359 causa
1072 1307 1277 1358 mobilis
1301 1307 1391 1359 ille

212 1375 435 1428 Devolet
458 1376 515 1427 in
539 1382 733 1429 terram
756 1375 945 1443 liquidi
970 1375 1111 1427 color
1132 1393 1319 1428 aureus
1343 1375 1509 1444 ignis;

212 1444 425 1497 Semina
484 1446 582 1501 uod
602 1446 772 1498 ¹nubes
795 1447 934 1514 ipsas
958 1444 1222 1515 permulta
1244 1461 1450 1497 necesse
1475 1449 1554 1497 est

213 1514 364 1580 Ignis
387 1514 457 1566 ha
522 1532 602 1567 re:
639 1515 835 1567 etenim
859 1519 1172 1583 quum.sunt
1195 1514 1412 1566 humore
1436 1515 1547 1565 sine
1572 1513 1697 1580 ullo,

212 1582 512 1635 Flammeus
536 1589 615 1636 est
638 1584 947 1652 plerumque
971 1582 1109 1635 colos
1133 1588 1187 1635 et
1211 1582 1515 1650 splendidus
1539 1582 1657 1634 illis.

213 1651 422 1719 Quippe
445 1652 641 1704 etenim
666 1653 785 1704 solis
810 1652 876 1704 de
900 1652 1099 1704 lumine
1121 1650 1293 1703 multa
1315 1668 1523 1703 necesse
1547 1658 1627 1703 est

212 1720 508 1788 Concipere,
530 1727 595 1774 ut
617 1722 803 1774 merito
827 1720 1066 1787 rubeant,
1091 1720 1338 1787 ignesque
1364 1720 1700 1788 profundant.
1782 1721 1885 1771 210

212 1788 387 1841 Hasce
411 1789 576 1857 igitur
599 1807 764 1858 quum
787 1796 976 1843 ventus
999 1805 1161 1856 agens
1185 1788 1439 1840 contrusit
1462 1788 1519 1839 in
1542 1805 1712 1840 unum

212 1858 629 1927 Compressitque
653 1859 824 1911 locum
848 1876 1065 1926 cogen83
1091 1873 1333 1926 expressa
1385 1857 1677 1909 rofundunt

210 1925 437 1992 Semina,
462 1944 581 1994 quae
602 1928 808 1980 faciunt
829 1928 1053 1980 flammae
1076 1926 1277 1993 fulgere
1301 1943 1360 1979 co
1382 1942 1505 1979 crea.

281 1995 465 2063 Fulgit
487 1996 631 2064 item,
656 2013 818 2064 quum
840 2003 1111 2048 rarescunt
1136 2012 1341 2062 quoque
1366 1995 1549 2049 nubila
1572 1996 1704 2049 coeli„

210 2062 264 2115 N
264 2080 351 2116 am
374 2081 539 2132 quum
563 2071 752 2118 ventus
777 2081 862 2117 eas
886 2064 1073 2117 leviter
1096 2063 1299 2116 diducit
1323 2071 1522 2133 cumea,

210 2133 580 2202 Dissolvitque,
604 2134 797 2186 cadant
820 2133 1042 2200 ingratis
1066 2132 1161 2184 illa
1186 2149 1392 2184 necesse
1414 2139 1494 2185 est

210 2202 438 2269 Semina,
461 2219 579 2271 quae
601 2201 806 2254 faciunt
828 2201 1113 2267 fulgorem:
1149 2206 1267 2252 tum
1291 2201 1402 2251 sine
1426 2207 1563 2253 tetro

210 2271 424 2325 Terrore
448 2277 503 2324 et
526 2270 704 2324 sonitu
725 2269 901 2338 fulgit,
927 2269 1180 2336 nulloque
1198 2268 1454 2322 tumultu.

866 2399 1211 2470 Defulmine.

280 2497 432 2562 Quod
456 2514 519 2550 su
611 2501 704 2562 est,
729 2495 874 2564 quali
895 2500 1087 2548 natura
1108 2495 1332 2565 praedita
1356 2498 1595 2547 constent

209 2564 474 2634 Fulmina,
534 2566 767 2619 celarant
790 2565 927 2617 ictus
951 2570 1006 2616 et
1026 2564 1208 2616 inusta
1229 2580 1419 2643 vapore
1779 2563 1883 2615 220

209 2634 374 2701 Signa
396 2640 654 2702 notaeque,
675 2650 861 2701 graves
883 2632 1124 2685 halantes
1148 2631 1414 2700 sulphura
1436 2645 1603 2682 auras.

213 2702 361 2771 Ignis
383 2703 526 2756 enim
548 2708 676 2756 aunt
698 2702 824 2770 brec,
847 2718 955 2754 non
977 2702 1127 2754 venti
1149 2701 1315 2768 signa,
1338 2714 1509 2767 neque
1531 2697 1727 2751 imbria.
