2084 3000
731 198 948 251 LIBER
986 199 1331 261 QUARTUS.
1764 205 1864 256 115

184 298 288 353 Sed
311 299 481 368 magis
503 316 812 353 unversum:
848 299 1066 366 fierique
1090 300 1305 368 perinde
1329 300 1567 354 videmus

185 369 258 422 Co
351 387 409 422 re
433 374 550 420 tum
573 368 757 436 plagas
779 369 837 420 in
860 375 1051 434 nostro,
1076 374 1328 437 tanquam
1352 370 1544 439 aliquae
1567 388 1650 423 res

186 438 293 491 Ver
355 444 453 503 ret,
477 442 637 506 atque
661 438 742 489 sui
767 438 857 489 det
881 454 1091 489 sensum
1115 440 1339 508 corporis
1364 447 1528 493 extra.

186 506 460 573 Praeterea,
485 507 715 575 lapidem
739 506 908 574 digito
933 523 1097 575 quum
1122 508 1409 575 tundimuS,
1435 508 1610 577 ipsum

186 576 471 642 'Pangimus
494 582 791 628 extremum
815 576 945 642 saxi,
970 591 1339 644 summumque
1362 577 1614 640 colorem;

185 645 297 696 Nec
321 645 574 697 sentimus
600 661 722 697 eum
745 650 912 712 tactu,
937 661 1122 697 verum
1144 646 1313 712 magis
1336 645 1505 715 ipsam

185 713 451 767 Duritiem
472 713 686 782 penitus
710 712 826 767 saxi
850 713 1106 766 sentimus
1128 714 1187 765 in
1209 714 1333 768 alto.

511 834 668 889 Ultra
690 834 954 905 speculum
976 851 1076 888 cur
1097 833 1343 888 videatur
1364 833 1555 904 imaqo.

258 918 413 972 Nunc
435 936 547 988 age,
573 937 666 973 cur
687 921 831 974 ultra
854 920 1124 1002 speculum
1147 920 1390 973 videatur
1410 919 1602 988 imago,
1764 918 1869 995 27⁰.

188 986 433 1057 Pei-cipe:
469 1005 592 1043 nam
617 996 756 1043 certe
779 995 991 1058 penitus
1013 995 1217 1042 remota
1239 990 1463 1042 videtur.

189 1055 341 1119 Quod
363 1074 529 1124 genus
551 1058 661 1127 illa,
684 1059 809 1111 foris
834 1075 950 1128 quae
973 1076 1094 1112 vere
1116 1065 1263 1111 trans
1299 1059 1548 1126 iniuntur,

188 1124 229 1178 J
229 1142 368 1178 anua
393 1143 559 1194 quum
581 1145 675 1197 per
699 1144 752 1180 se
777 1133 1135 1196 transpectum
1159 1144 1267 1196 prae
1332 1135 1358 1180 t
1380 1133 1637 1196 apertum,

187 1192 364 1247 Multa
386 1196 618 1264 facitque
639 1197 765 1248 foris
789 1213 855 1248 ex
880 1196 1079 1250 aedibus
1103 1203 1164 1249 ut
1187 1197 1498 1249 videantur:

189 1262 244 1314 Is
268 1280 471 1332 quoque
495 1265 635 1318 enim
660 1264 861 1334 duplici
885 1265 1195 1334 geminoque
1217 1265 1281 1318 fit
1303 1266 1425 1318 aere
1449 1265 1606 1320 visus.

188 1330 396 1384 Primus
419 1334 561 1385 enim
584 1334 717 1386 citra
739 1340 911 1402 postes
934 1334 1266 1386 concernitur
1288 1335 1403 1389 aer:

189 1399 322 1453 Inde
345 1401 480 1454 fores
502 1402 630 1482 ipsse
653 1402 842 1455 dextra
864 1403 1100 1471 laevaque
1124 1408 1417 1471 sequuntur
1428 1421 1445 1468 ;

189 1468 317 1522 Post
340 1476 570 1525 extraria
590 1471 688 1524 lux
712 1472 885 1525 oculos
907 1476 1188 1542 perterget,
1214 1479 1269 1526 et
1291 1474 1384 1526 aer

189 1537 356 1606 Alter,
379 1546 434 1593 et
455 1540 565 1607 illa,
587 1541 713 1594 foris
737 1558 854 1609 quoe
878 1559 998 1595 vere
1021 1541 1454 1609 transpiciuntur.

189 1606 290 1673 Sic,
314 1608 408 1660 ubi
430 1626 484 1661 se
507 1610 735 1678 primum
758 1611 955 1680 speculi
980 1610 1200 1680 projecit
1222 1609 1411 1677 image,
1765 1611 1869 1661 280

188 1675 332 1728 Dum
355 1678 503 1730 venit
526 1679 595 1731 ad
617 1685 820 1732 nostras
844 1680 996 1747 acies,
1019 1678 1266 1748 procudit
1290 1679 1509 1746 agitque

189 1745 346 1814 Aera,
370 1746 463 1814 qui
485 1746 624 1800 inter
648 1765 702 1801 se
726 1765 951 1817 cumque
975 1753 1055 1801 est
1078 1746 1356 1815 oculosque
1379 1746 1594 1812 locatus,

188 1812 262 1866 Et
284 1814 429 1881 facit,
453 1820 517 1867 ut
575 1816 684 1869 rius
708 1816 852 1870 hunc
875 1834 1082 1870 omnem
1108 1816 1301 1869 sentire
1324 1832 1593 1884 queamuS,

191 1882 362 1947 Quam
376 1833 672 1953 speculum:
700 1886 791 1938 sed
798 1886 891 1938 ubi
907 1886 1179 1955 speculum
1189 1902 1397 1954 quoque
1407 1884 1661 1937 sensimus
1679 1882 1870 1953 ipsum,

189 1952 452 2005 Continuo
474 1970 508 2006 a
530 1953 679 2007 nobis
700 1954 760 2007 in
783 1972 920 2023 eum,
944 1973 1063 2024 quae
1085 1956 1268 2022 fertur,
1292 1954 1467 2022 imago

190 2020 454 2089 Pervenit,
479 2028 534 2076 et
556 2029 758 2077 nostros
782 2024 956 2076 oculos
978 2027 1174 2092 rejecta
1202 2024 1411 2077 revisit:

190 2089 367 2158 Atque
388 2091 553 2144 alium
576 2109 684 2161 prae
708 2110 763 2146 se
785 2093 1078 2162 propellens
1102 2094 1228 2145 aera
1251 2092 1448 2156 volvit;

189 2159 264 2210 Et
285 2159 430 2228 facit,
453 2166 518 2213 ut
540 2162 686 2229 prius
710 2161 867 2229 hunc,
893 2178 1051 2229 quam
1075 2178 1143 2230 se,
1168 2161 1465 2215 videamus:
1500 2176 1665 2230 eoque

189 2227 401 2282 Distare
423 2246 457 2282 a
480 2230 689 2298 speculo
712 2235 924 2282 tantum
947 2236 1146 2282 semota
1168 2230 1389 2284 videtur.

193 2296 367 2379 Quare
385 2298 545 2351 etiam
568 2305 727 2368 atque
751 2299 912 2351 etiam
934 2298 1153 2351 minime
1174 2299 1409 2356 mirarier
1432 2303 1513 2381 est
1534 2315 1632 2367 par
1768 2298 1874 2349 290

159 2502 164 2507 ,
190 2366 1596 2506 Affibffii‘gg‘}ffgoffiulssffiggtzffiggffl’

261 2505 418 2557 Nunc
442 2521 519 2572 ea,
543 2522 660 2574 quae
684 2506 831 2558 nobis
855 2504 1208 2558 membrorum
1231 2506 1450 2557 dextera
1472 2520 1594 2573 pars
1617 2508 1712 2574 est,

194 2572 263 2624 In
285 2573 508 2642 speculis
530 2574 595 2626 fit
616 2574 700 2626 uti
722 2574 856 2627 laeva
878 2573 1138 2640 videatur,
1164 2591 1223 2627 eo
1248 2572 1388 2640 quod

192 2640 479 2695 Planitiem
501 2642 571 2695 ad
595 2643 793 2710 speculi
810 2643 1025 2696 veniens
1051 2659 1215 2709 quum
1239 2640 1457 2693 offendit
1479 2639 1669 2706 imago,

192 2710 315 2764 Non
338 2710 662 2764 convertitur
681 2711 988 2775 incolumis;
1023 2711 1115 2763 sed
1138 2716 1282 2762 recta
1302 2713 1585 2760 retrorsum
