2084 3000
226 176 329 228 200
845 175 901 229 Τ.
928 175 1262 228 LUCRE'HI

449 320 726 373 ‚Autumno
752 318 923 387 Μαρία
931 317 1184 388 fulmina
1207 327 1252 371 et
1275 318 1516 372 tonitrua
1522 319 1666 389 fieri.

294 414 668 483 Autumnoque
689 415 858 481 magis
882 414 1048 467 stellis
1070 414 1399 483 fulgentibus
1422 415 1534 467 alta

228 483 536 536 Ooncutitur
558 483 674 535 coeli
699 482 883 535 domus
905 483 1141 550 undique
1164 489 1379 552 totaque
1403 483 1588 548 tellus;

226 551 298 604 Et
321 568 484 619 quum
508 558 744 620 tempora
767 567 821 602 se
845 551 981 604 veris
1004 552 1246 604 florentia
1268 551 1523 621 pandunt.

225 618 440 687 Frigore
464 620 604 670 enim
628 619 819 672 desunt
842 620 1004 687 ignes,
1028 621 1279 688 ventique
1304 619 1473 672 calore

225 688 510 755 Deficiunt,
533 705 702 757 neque
727 693 851 740 sunt
876 694 986 741 tam
1010 688 1170 740 denso
1193 705 1404 758 corpore
1427 687 1606 740 nubes.

228 756 376 809 Inter
399 762 647 824 utrasque
668 757 836 825 igitur
859 774 1024 825 quum
1049 756 1166 809 coeli
1189 763 1425 837 tempora
1448 761 1705 823 constant,

225 824 363 877 'sum
385 825 545 878 variae
570 842 737 878 causoe
761 831 1080 878 concurrunt
1103 825 1341 877 fulminis
1366 842 1556 878 omnes.

225 891 366 946 Nam
388 893 554 947 fretus
577 894 689 963 ipse
712 895 840 947 anni
862 895 1139 963 permiscet
1162 893 1331 961 frigus
1354 899 1409 946 et
1433 899 1648 956 aestum3

1803 622 1915 672 360

228 961 463 1025 Quorum
486 968 768 1031 utrumque
791 980 922 1031 opus
945 968 1025 1015 est
1048 962 1354 1015 fabricanda
1375 963 1444 1016 ad
1467 961 1695 1015 fulmina
1712 959 1883 1029 nobis,

228 1029 304 1083 Ut
329 1031 586 1083 discordia.
610 1031 679 1083 sit
701 1048 889 1097 rerum,
914 1047 1210 1099 magnoque
1234 1030 1472 1083 tumultu

228 1098 448 1166 Ignibus
471 1104 525 1152 et
548 1099 719 1151 ventis
742 1098 1059 1152 furibundus
1081 1098 1304 1152 fluctuet
1327 1101 1431 1152 acr.

226 1166 406 1220 Prima
428 1167 611 1219 caloris
635 1167 776 1220 enim
798 1184 935 1236 pars,
958 1172 1013 1220 et
1036 1173 1299 1237 postrema
1320 1167 1503 1236 rigoris
1518 1181 1557 1234 s,

226 1235 451 1304 Tempus
474 1235 531 1288 id
555 1240 634 1289 est
657 1253 903 1290 vernum:
942 1254 1105 1304 quare
1128 1254 1363 1305 pugnare
1386 1253 1592 1289 necesse
1615 1240 1694 1289 est

227 1304 519 1357 Dissimiles
541 1305 682 1358 inter
705 1322 829 1373 sese,
853 1305 1169 1373 turbareque
1191 1306 1402 1358 mixtas,

227 1372 299 1426 Et
322 1373 462 1426 calor
485 1381 748 1427 extremus
772 1374 938 1442 primo
963 1391 1086 1426 cum
1108 1373 1301 1440 frigore
1323 1373 1524 1426 mixtus

228 1442 488 1511 Volvitur,
513 1443 755 1496 autumni
779 1443 919 1512 quod
942 1442 1113 1495 fertur
1135 1442 1345 1494 nomine
1370 1447 1592 1510 tempus.

228 1511 334 1564 Hic
359 1529 566 1580 quoque
590 1512 880 1580 confligunt
902 1512 1100 1564 hiemes
1125 1512 1396 1564 aestatibus
1419 1529 1575 1564 acres.

229 1579 510 1650 Propterea.
532 1587 657 1634 sunt
679 1581 793 1634 haec
814 1581 953 1634 bella
975 1581 1104 1633 anni
1126 1579 1515 1643 nominitanda3

226 1648 280 1701 N
280 1666 339 1702 ec
360 1649 554 1701 mirum
577 1655 670 1718 est,
694 1650 752 1702 in
776 1667 836 1702 eo
859 1650 903 1701 si
927 1654 1159 1718 tempore
1219 1648 1410 1701 lurima
1433 1648 1571 1700 fiunt

228 1717 487 1786 Fulmina,
512 1723 895 1787 tempestasque
919 1718 1087 1770 cietur
1110 1722 1197 1770 tur
1231 1718 1321 1770 ida
1344 1717 1486 1783 coelo,

226 1785 464 1855 Ancipiti
489 1789 736 1856 quoniam
759 1786 895 1839 bello
919 1786 1165 1839 turbatur
1186 1787 1486 1854 utrimque„

228 1853 372 1907 Hinc
394 1855 633 1922 flammis,
657 1855 805 1909 illinc
828 1856 1015 1923 ventis,
1034 1855 1351 1923 humoreque
1373 1855 1557 1907 mixto.

299 1922 414 1975 Hoc
438 1930 517 1976 est
539 1924 751 1991 igniferi
774 1930 1019 1976 naturam
1043 1923 1280 1976 fulminis
1303 1924 1471 1992 ipsam

227 1990 540 2059 Perspicere,
565 1998 619 2044 et
643 2009 747 2059 qua
769 1991 824 2044 vi
846 1992 1010 2045 faciat
1033 2010 1146 2045 rem
1169 2009 1428 2061 quamque
1451 1990 1654 2045 videre:

227 2059 349 2113 Non
373 2060 641 2128 Tyrrhena
663 2065 802 2113 retro
824 2060 1124 2114 volventem
1148 2062 1381 2114 carmina
1401 2062 1601 2113 frustra

229 2127 435 2181 Indicia
458 2129 676 2181 occultae
701 2128 884 2181 divfim
908 2130 1205 2198 perquirere
1227 2129 1409 2196 menti,

228 2197 381 2250 Unde
404 2197 585 2250 volans
608 2198 746 2266 ignis
769 2198 1080 2266 pervenerit,
1104 2204 1199 2251 aut
1222 2198 1279 2250 in
1303 2204 1479 2251 utram
1504 2215 1558 2250 se

228 2265 460 2319 Verterit
482 2266 569 2319 hic
593 2272 811 2334 partem,
837 2283 938 2335 quo
960 2272 1116 2336 pacto
1140 2285 1232 2335 per
1254 2267 1368 2319 loca
1392 2273 1541 2336 septa

229 2335 535 2401 Insinuarit‚
560 2341 614 2388 et
636 2335 761 2387 hinc
786 2335 1084 2389 dominatus
1110 2342 1171 2387 ut
1195 2336 1447 2388 extulerit
1471 2353 1553 2399 se3

228 2403 432 2467 Quidve
454 2421 639 2456 nocere
663 2409 821 2474 queat
844 2403 908 2455 de
933 2403 1063 2455 coelo
1086 2403 1323 2456 fulminis
1347 2405 1499 2456 ictus.

297 2471 446 2535 Quod
469 2472 515 2523 si
537 2471 754 2553 Jupiter
775 2477 937 2538 atque
959 2471 1053 2523 alii
1075 2471 1338 2539 fulgentia
1360 2472 1473 2525 divi

225 2538 468 2591 Terrifico
494 2545 744 2606 quatiunt
768 2540 943 2592 sonitu
967 2539 1198 2593 coelestia
1221 2540 1434 2609 templa,

226 2603 297 2657 Et
311 2607 523 2671 ‚iaciunt
546 2607 737 2675 ignem,
763 2624 866 2676 quo
890 2606 1079 2673 cuique
1103 2614 1182 2660 est
1206 2625 1429 2678 cumque
1453 2610 1730 2674 voluntas3

876 2693 896 2723 ⁸
921 2690 1115 2741 liquerim
1149 2692 1243 2732 ΜΒ.

1801 1303 1907 1357 370

1794 1992 1899 2043 380
