2084 3000
229 200 353 257 ‘170
871 203 927 256 Τ.
962 201 1298 255 LUORETII

248 303 439 358 Omnia
461 303 601 357 enim
624 303 822 372 pariter
845 310 1089 357 crescunt
1113 310 1167 357 et
1189 305 1373 358 robora
1394 310 1626 360 sumunt.

318 373 490 437 Quare
514 374 675 426 etiam
697 379 856 441 atque
879 373 1039 426 etiam
1062 380 1362 426 maternum
1384 391 1574 426 nomen
1598 374 1796 444 adepta

247 441 407 495 'ferra
429 447 575 494 tenet
597 442 798 509 merito,
823 443 1070 510 quoniam
1093 460 1259 510 genus
1282 443 1397 511 ipsa
1420 444 1620 495 creavit
1822 447 1940 496 820

250 510 575 577 Humanum,
599 515 758 578 atque
782 510 979 563 animal
1002 528 1163 580 prope
1186 516 1328 564 certo
1351 518 1583 580 tempore
1606 512 1750 564 fudit

251 580 432 646 Omne,
456 579 594 647 quod
616 579 675 630 in
698 580 904 646 magnis
926 578 1217 632 bacchatur
1237 581 1496 632 montibu’
1520 581 1730 649 passim,

249 648 538 715 Aeriasque
561 647 718 699 simul
741 649 976 701 volucres
999 648 1321 702 variantibu’
1345 649 1539 702 formis.

249 716 369 785 Sed,
392 717 519 785 quia
540 716 700 769 finem
723 717 953 785 aliquam
975 717 1216 786 pariendi
1239 717 1395 769 debet
1417 716 1623 784 habere,

251 785 486 852 Destitit,
513 790 576 838 ut
597 786 799 851 mulier,
825 786 993 855 spatio
1017 785 1219 837 defessa
1241 790 1476 839 vetusto:

250 853 434 908 Mutat
458 855 600 907 enim
621 855 809 906 mundi
832 861 1079 906 naturam
1102 854 1266 906 totius
1290 860 1432 922 setas,

252 923 338 977 Ex
361 924 568 991 alioque
591 924 725 977 alius
749 929 919 976 status
942 924 1182 992 excipere
1205 924 1381 976 omnia
1403 922 1572 990 debet,

251 992 364 1044 Nec
386 998 567 1045 manet
590 992 701 1045 ulla
725 993 808 1044 sui
832 993 1014 1045 similis
1036 1009 1146 1045 res:
1183 992 1359 1044 omnia
1380 993 1627 1059 migrant,

255 1058 446 1112 Omnia
468 1065 759 1112 commutat
780 1066 975 1114 natura
997 1067 1052 1113 et
1075 1067 1275 1115 vertere
1299 1061 1452 1128 cogit.

254 1128 497 1197 Namque
520 1128 665 1181 aliud
688 1131 945 1198 putrescit
967 1136 1022 1182 et
1045 1147 1157 1184 aevo
1181 1130 1352 1182 debile
1375 1130 1596 1196 languet
1608 1147 1623 1194 ς
1827 1132 1938 1181 830

257 1195 415 1250 Porro
439 1196 586 1248 aliud
609 1199 907 1266 concrescit,
931 1205 986 1252 et
1009 1217 1038 1252 e
1062 1199 1450 1267 contemptibus
1473 1199 1598 1252 exit.

257 1265 344 1319 Sic
368 1265 531 1333 igitur
552 1266 740 1319 mundi
763 1273 1011 1320 naturam
1033 1268 1198 1321 totius
1222 1275 1349 1320 aetas

258 1335 454 1402 Mutat,
477 1340 533 1388 et
555 1352 623 1387 ex
645 1335 750 1389 alio
774 1341 967 1389 terram
991 1342 1160 1389 status
1183 1337 1383 1406 excipit
1407 1335 1556 1402 alter,

260 1404 416 1465 Quod
439 1405 630 1473 potuit,
653 1410 910 1473 nequeat;
946 1407 1124 1475 possit,
1149 1406 1287 1475 quod
1310 1422 1417 1458 non
1441 1406 1569 1457 tulit
1592 1408 1731 1459 ante.

328 1473 608 1544 Multaque
632 1480 748 1527 tum
771 1474 929 1528 tellus
952 1475 1115 1528 etiam
1136 1480 1381 1544 portenta
1405 1490 1579 1527 creare

261 1545 461 1597 Conata
483 1551 577 1613 est,
600 1544 735 1596 mira
756 1543 892 1597 facie
912 1545 1262 1613 membrisque
1286 1550 1461 1597 coorta
1473 1562 1489 1608 ς

261 1614 634 1682 Androgynem
648 1614 786 1666 inter
796 1619 952 1681 utras,
959 1631 1059 1675 nec
1073 1619 1351 1681 utramque
1364 1613 1631 1682 utrimque
1648 1615 1909 1665 remotum
1922 1631 1938 1677 ;

264 1682 404 1736 Orba
425 1683 620 1751 pedum
642 1683 851 1751 partim,
873 1700 1129 1736 manuum
1152 1683 1372 1736 viduata
1384 1682 1644 1746 vicissim3

263 1752 440 1804 Multa
463 1752 575 1806 sine
598 1769 685 1805 ore
707 1752 883 1820 etiam,
902 1753 1012 1805 sine
1027 1752 1182 1804 vultu
1206 1767 1342 1804 caeca
1356 1757 1564 1819 reperta
1576 1770 1592 1816 ;

265 1821 561 1889 Vinctaque
581 1820 932 1873 membrorum
955 1839 1050 1891 per
1072 1826 1245 1873 totum
1268 1836 1455 1888 corpus
1477 1820 1720 1883 adhaesu3
1830 1821 1934 1871 840

263 1890 375 1942 Nec
397 1889 570 1942 facere
593 1895 654 1941 ut
771 1895 886 1942 sent
909 1890 1213 1958 quidquam,
1238 1905 1334 1941 nec
1357 1888 1539 1941 cedere
1562 1904 1841 1956 quoquam,

264 1959 376 2011 Nec
400 1958 568 2009 vitare
589 1973 678 2009 ma
698 1974 805 2024 um,
824 1974 922 2010 nec
947 1975 1161 2025 sumere,
1188 1957 1325 2027 quod
1348 1957 1490 2010 volet
1512 1973 1650 2009 usus.

335 2026 519 2079 Cetera
542 2026 607 2077 de
630 2041 818 2092 genere
841 2026 940 2078 hoc
963 2033 1197 2080 monstra
1220 2043 1282 2079 ac
1305 2031 1550 2094 portenta
1573 2023 1807 2078 creabat:

266 2094 319 2146 N
319 2095 665 2164 equidquam3
700 2095 949 2161 quoniam
970 2101 1165 2148 natura
1188 2095 1471 2148 absterruit
1494 2099 1742 2158 auctum3

267 2163 320 2215 N
320 2181 378 2217 ec
401 2169 618 2233 potuere
642 2163 884 2231 cupitum
907 2165 1080 2217 oetatis
1103 2169 1320 2231 tangere
1341 2162 1537 2230 florem,

268 2233 321 2285 N
321 2250 380 2286 ec
401 2232 627 2302 reperire
650 2232 839 2299 cibum,
864 2250 960 2286 nec
977 2233 1138 2301 jungi
1162 2250 1254 2300 per
1278 2232 1494 2284 Veneris
1518 2248 1615 2284 res.

271 2301 465 2370 Multa,
489 2301 740 2368 videmus,
765 2303 905 2354 enim
928 2303 1082 2354 rebus
1107 2317 1409 2353 concurrere
1433 2299 1640 2368 debent,

268 2373 346 2424 Ut
369 2371 704 2442 propagando
725 2372 926 2438 possint
948 2370 1233 2439 producere
1246 2378 1267 2405 ⁸
1291 2370 1456 2421 saecla.

270 2440 474 2493 Pabula
495 2441 724 2510 primum
748 2445 813 2492 ut
836 2439 957 2505 sint,
981 2439 1236 2506 genitalia
1259 2438 1448 2490 deinde
1472 2454 1566 2505 per
1588 2443 1736 2491 artus

271 2507 496 2574 Semina,
520 2525 626 2576 qua
648 2507 850 2575 possint
872 2508 1117 2559 membris
1140 2523 1353 2559 manare
1375 2507 1633 2570 remissis;
1834 2510 1933 2559 850

274 2575 597 2645 Feminaque
619 2582 684 2628 ut
706 2575 938 2627 maribus
962 2576 1215 2642 conjungi
1239 2574 1415 2641 possit,
1441 2574 1633 2627 habere

272 2641 482 2711 Mutua,
508 2645 602 2712 qui
627 2643 878 2696 nectanth
902 2644 1041 2696 inter
1065 2660 1119 2696 se
1141 2642 1336 2711 gaudia
1358 2648 1596 2711 uterque.

492 2738 513 2767 ι
537 2728 809 2779 Ρωοὶιιᾱοῐος
841 2726 935 2767 ΜΒ.
1336 2721 1356 2749 ¹¹
1379 2731 1597 2775 mutuent3
1629 2727 1724 2768 MS.

362 2908 397 2941 L,
