2084 3000
186 186 256 237 38
811 183 866 234 T.
903 179 1236 233 LUGRETII

187 284 409 353 Corpore
432 284 699 351 sejunctus
721 282 870 335 dolor
892 281 1042 347 absit,
1068 286 1245 333 mente
1267 282 1478 334 fruatur

188 352 228 406 J
230 353 441 405 ueundo
465 368 635 417 sensu,
660 369 787 404 cura
810 357 1006 403 semota
1029 350 1315 416 metuque?

257 421 396 488 Ergo
420 435 719 487 corpoream
742 419 811 472 ad
833 424 1081 471 naturam
1104 435 1275 487 panea
1297 418 1535 472 videmus
1793 423 1869 471 20

186 489 312 541 Esse
336 505 467 557 opus
491 489 718 554 omnino,
742 504 859 556 quae
883 487 1100 539 demant
1124 504 1331 554 cunque
1357 487 1598 557 dolorem,

183 557 414 610 Delicias
437 574 642 625 quoque
664 557 748 609 uti
770 556 966 608 multas
989 555 1315 608 substernere
1338 555 1538 625 possint
1557 575 1573 620 3

186 625 400 679 Gratius
423 625 689 678 interdum
712 642 884 694 neque
907 630 1100 677 natura
1126 624 1138 636 ⁸
1180 641 1237 677 sa
1255 624 1495 692 requirit.

183 692 242 747 Si
264 711 370 747 non
393 711 553 748 aurea
576 701 701 747 sunt
717 694 977 762 juvenum
1002 693 1100 744 sim
1160 709 1282 744 acra
1304 709 1398 761 per
1421 692 1570 758 aedes,

181 761 478 846 Lampadas
501 763 750 831 igniferas
772 762 1016 815 manibus
1038 760 1325 814 retinentia
1347 761 1562 827 dextris,

181 830 411 886 Lumina
431 832 704 884 nocturnis
727 831 897 899 epulis
919 834 984 882 ut
1007 829 1440 898 suppeditentur;

180 898 293 953 Nee
315 901 502 954 domus
525 905 743 967 argento
765 899 939 966 fulget
962 915 1191 966 auroque
1212 898 1448 963 renidet3

180 967 292 1021 Nee
315 969 529 1023 eitharae
550 968 770 1020 reboant
792 967 1039 1035 laqueata
1063 973 1349 1035 aurataque
1373 967 1597 1034 templa:

182 1036 360 1100 Quum
382 1042 562 1089 tamen
584 1035 724 1088 inter
747 1053 800 1087 se
824 1035 1073 1103 prostrati
1094 1036 1153 1088 in
1269 1034 1411 1087 mine
1435 1035 1583 1088 molli

178 1103 402 1174 Propter
423 1121 578 1172 aquae
599 1104 788 1168 rivum,
814 1103 909 1156 sub
932 1104 1092 1166 ramis
1115 1122 1175 1157 ar
1240 1105 1312 1156 ris
1335 1104 1473 1170 altae,
1786 1108 1859 1157 30

182 1172 304 1227 Non
326 1173 532 1240 magnis
555 1172 742 1241 opibus
757 1172 995 1240 jucunde
1018 1189 1080 1225 eo
1174 1190 1234 1226 ra
1256 1179 1469 1225 curant:

178 1239 477 1295 Praesertirn
500 1258 664 1309 quum
686 1246 969 1311 tempestas
994 1242 1099 1295 arri
1137 1247 1205 1306 et,
1233 1248 1288 1294 et
1311 1242 1439 1294 anni

177 1309 433 1380 Tempora
455 1318 808 1378 conspergunt
831 1310 1119 1364 viridantes
1140 1310 1355 1362 floribus
1379 1310 1579 1364 herbas.

175 1377 289 1432 Nec
311 1379 495 1432 calidae
518 1380 676 1431 citius
700 1379 963 1432 decedunt
987 1395 1199 1447 corpore
1221 1378 1406 1446 febres,

176 1447 471 1502 'sextilibus
495 1449 540 1503 si
566 1448 624 1501 in
648 1448 868 1531 picturis
891 1455 1134 1517 ostroque
1156 1446 1369 1501 rubenti

176 1516 216 1570 J
216 1519 422 1587 aetaris,
448 1537 608 1588 quam
632 1536 676 1571 si
700 1518 903 1588 plebeia
926 1518 985 1569 in
1008 1523 1154 1570 veste
1177 1517 1480 1570 cubandum
1503 1523 1596 1571 est.

246 1587 588 1657 Quapropter,
610 1589 863 1657 quoniam
884 1587 962 1639 nil
983 1592 1163 1638 nostro
1185 1586 1244 1638 in
1268 1602 1479 1655 corpore
1504 1603 1646 1655 gszae

174 1654 483 1725 Proficiunt,
507 1674 679 1726 neque
700 1657 964 1722 nobilitas,
988 1672 1088 1707 nec
1147 1655 1279 1707 loria
1301 1657 1451 1723 regni
1469 1675 1483 1719 3

176 1725 328 1788 Quod
352 1732 604 1794 superest,
628 1726 806 1778 animo
827 1741 1037 1793 quoque
1103 1724 1114 1736 ‘
1163 1724 1404 1792 prodesse
1426 1725 1752 1794 putandum:

174 1790 234 1845 Si
257 1810 365 1846 non
387 1793 524 1845 forte
546 1800 667 1846 tuas
691 1792 922 1860 legiones
945 1809 1039 1861 per
1061 1792 1178 1845 loca
1200 1793 1374 1861 campi
1783 1797 1853 1846 40

172 1858 396 1914 Fervere
419 1875 584 1930 quum
606 1860 802 1928 videas,
825 1861 953 1913 belli
978 1861 1260 1914 simulacra
1283 1862 1509 1926 cientes3

171 1925 426 2050 gignere
449 1945 615 1997 quum
638 1928 817 1982 videas
841 1929 1058 1983 classem
1081 1930 1293 1997 lateque
1316 1932 1529 1999 vagari·
1549 1929 1587 2000 ;]

234 1998 247 2011 ⁰
299 1996 401 2051 tibi
423 2002 542 2050 tum
564 1997 719 2051 rebus
743 1999 1030 2051 timefacta}
1053 1999 1333 2066 religiones

170 2065 457 2135 Effugiant
479 2066 654 2119 animo
677 2067 899 2135 pevidae,
923 2068 1210 2135 mortisque
1232 2068 1471 2122 timores:

169 2133 309 2190 'l'um
331 2152 560 2189 vacuum
703 2153 767 2187 us
790 2135 1045 2204 linquunt
1069 2152 1298 2205 curaque
1319 2135 1568 2191 solutum.

171 2202 328 2265 Quod
351 2204 396 2256 si
418 2203 523 2257 ridi
665 2204 779 2257 haeo
803 2204 1137 2271 ludibriaque
1160 2221 1270 2258 esse
1292 2205 1546 2273 videmus,

170 2270 471 2342 Reveraque
492 2280 666 2326 metus
686 2272 964 2327 hominum
988 2289 1234 2341 euraeque
1258 2290 1502 2343 sequaces

166 2340 281 2395 Neo
301 2346 550 2394 metuunt
573 2342 771 2395 sonitus
790 2359 1077 2408 armorum,
1101 2359 1199 2395 nec
1221 2343 1335 2395 fera
1356 2344 1495 2409 tela3

166 2409 538 2479 Audacterque
560 2410 699 2463 inter
722 2427 871 2477 reges
893 2427 1173 2478 rerumque
1195 2417 1436 2479 potentes

168 2476 474 2545 Versantur,
496 2495 665 2545 neque
687 2479 947 2543 fulgorem
969 2486 1277 2530 reverentur
1297 2479 1367 2530 ab
1388 2497 1530 2547 auro,
1780 2485 1851 2533 50

164 2544 279 2599 Neo
301 2546 503 2599 clarum
526 2545 684 2600 vestis
708 2545 1037 2613 splendorem
1060 2550 1378 2612 purpurea‘i:

274 2650 297 2674 ⁸
322 2647 352 2670 ‘⁸
367 2646 570 2685 enh-{diu
586 2645 748 2696 magnis
770 2644 947 2694 Epicuri
965 2645 1250 2684 constabilita·

361 2700 542 2739 Ornata·
561 2700 689 2738 armis
707 2703 869 2736 statuas
887 2702 1129 2748 unumque
1148 2701 1405 2748 animata-W
1437 2702 1530 2742 ΜΒ,
