2084 3000
188 162 294 217 150.
815 161 870 212 Τ.
907 159 1242 212 LUGRE'HI

183 259 385 326 Tactile
407 258 486 311 nil
510 258 658 311 nobis
683 259 822 326 quod
847 260 930 325 sit,
955 260 1258 327 contingere
1282 258 1451 312 debet.

183 326 419 396 Tangere
444 328 586 380 enim
608 344 715 380 non
737 326 869 396 quit,
894 327 1033 396 quod
1058 326 1209 395 tangi
1231 344 1338 379 non
1362 327 1488 379 licet
1510 326 1701 396 ipsum,

185 395 358 460 Quare
382 396 542 448 etiam
566 393 711 448 sedes
735 412 941 464 quoque
964 397 1155 448 nostris
1180 396 1386 448 sedibus
1411 413 1518 448 esse

112 524 117 529 ι
183 463 474 517 Dissimiles
498 463 705 532 debent,
731 469 916 517 tenues
941 464 1006 516 de
1030 481 1242 533 corpore
1266 482 1458 517 eorum.

185 532 316 597 Quae
339 531 440 585 tibi
462 532 718 601 posterius
741 531 888 601 largo
912 550 1145 585 sermone
1169 532 1411 601 probabo,
1567 599 1572 600 ⁷

251 600 438 654 Dicere
461 616 630 670 porro,
654 600 928 654 hominum
950 618 1109 655 causa
1131 601 1357 654 voluisse
1380 619 1563 670 parare

183 668 496 723 Praeclaram
517 670 705 722 mundi
728 675 990 737 naturam,
1050 675 1391 738 roptereaque

181 737 516 792 Allaudabile
541 754 673 807 opus
698 737 884 792 divfim
906 688 1124 793 laudare
1148 738 1343 806 decere,

180 806 563 876 AEternumque
623 814 774 861 utare
797 813 958 928 atque
981 807 1276 860 immortale
1299 807 1558 875 futurum,
1764 812 1879 860 160

181 874 294 929 Nec
317 875 400 929 fas
423 893 547 943 esse,
609 876 730 929 eum
754 893 856 945 quo
917 877 987 928 sit
1009 876 1213 930 ratione
1238 881 1449 928 vetusta

184 944 440 997 Gentibus
462 945 710 997 humanis
733 945 1020 997 fundatum
1081 951 1295 1013 erpetuo
1320 961 1446 1011 sevo,

183 1011 476 1066 Sollicitare
501 1013 607 1065 suis
631 1011 744 1065 ulla
760 1013 816 1065 vi
840 1029 908 1064 ex
932 963 1141 1065 sedibus
1165 1030 1412 1082 unquam,

179 1080 294 1134 Nec
315 1081 487 1135 verbis
510 1098 715 1147 vexare,
739 1086 795 1133 et
817 1079 885 1133 ab
908 1082 1014 1133 imo
1037 1087 1270 1135 evertere
1293 1099 1526 1135 summa:

181 1149 367 1202 Cetera
388 1149 454 1201 de
476 1166 665 1217 genere
688 1149 787 1202 hoc
810 1149 1059 1219 affingere
1082 1156 1137 1203 et
1159 1151 1366 1218 addere,
1391 1150 1622 1217 Memmi,

180 1216 429 1298 Desipere
452 1223 557 1271 est:
593 1218 723 1286 quid
746 1218 886 1271 enim
910 1218 1293 1272 immortalibus
1315 1225 1477 1287 atque
1500 1219 1667 1273 beatis

183 1286 368 1340 Gratia
390 1291 569 1339 nostra
593 1293 750 1356 queat
772 1287 1010 1355 largirier
1032 1288 1387 1354 emolumenti,

184 1354 261 1408 Ut
282 1360 462 1409 nostra
485 1356 771 1425 quidquam
795 1373 951 1409 causa
973 1374 1152 1425 gerere
1175 1356 1586 1424 aggrediantur?

183 1422 389 1487 Quidve
407 1424 533 1477 novi
555 1425 730 1493 potuit
755 1431 905 1478 tanto
929 1431 1049 1495 post
1070 1431 1197 1478 ante
1220 1425 1423 1493 quietos

182 1492 403 1562 Illicere,
426 1501 490 1549 ut
513 1502 767 1564 cuperent
790 1494 958 1548 vitam
980 1502 1188 1548 mutare
1247 1493 1473 1549 rioreml
1759 1497 1865 1551 170

180 1562 321 1616 Nam
343 1564 571 1632 gaudere
594 1565 743 1618 novis
764 1563 920 1617 rebus
943 1565 1130 1620 debere
1155 1564 1208 1617 vi
1247 1571 1380 1631 etur,

181 1631 281 1684 Oui
303 1638 502 1687 veteres
526 1632 750 1698 obsunt3
786 1633 891 1699 sed,
916 1633 1003 1687 cui
1025 1633 1104 1686 nil
1128 1633 1322 1686 accidit
1346 1633 1474 1701 aegri

180 1698 308 1752 Tem
375 1718 431 1755 re
454 1701 513 1754 in
537 1707 662 1754 ante
686 1709 820 1766 acte,
845 1720 1008 1771 quum
1032 1702 1251 1772 pulchre
1275 1701 1486 1771 degeret
1510 1718 1694 1770 aevum,

181 1719 375 1832 Quid>o
346 1771 521 1839 potuit
545 1771 795 1823 novitatis
819 1789 1048 1825 amorem
1071 1771 1352 1825 accendere
1377 1771 1512 1824 tali?

179 1837 281 1904 An,
305 1838 474 1904 credo,
496 1839 555 1890 in
579 1839 806 1891 tenebris
830 1841 944 1893 vita
965 1858 1028 1893 ac
1051 1858 1268 1893 moerore
1282 1840 1510 1908 jacebat,

178 1904 359 1959 Donec
382 1905 581 1958 diluxit
604 1924 780 1960 rerum
802 1909 1050 1975 genitalis
1073 1909 1252 1978 origo?

182 1972 386 2037 Quidve
408 1974 536 2026 mali
560 1974 734 2027 fuerat
757 1975 905 2028 nobis
928 1994 1034 2030 non
1059 1995 1169 2031 esse
1192 1977 1416 2031 creatis?

179 2041 351 2094 Natus
374 2043 514 2095 enim
538 2041 705 2111 debet,
731 2044 1042 2115 quicumque
1066 2052 1160 2114 est,
1184 2045 1318 2101 velle
1340 2064 1549 2101 manere

180 2110 248 2163 In
271 2111 399 2178 vita,
424 2111 588 2164 donec
611 2113 860 2165 retinebit
882 2113 1080 2168 blanda
1102 2116 1372 2184 voluptasz

181 2178 286 2243 Qui
310 2196 581 2260 nunquam
603 2197 724 2234 vero
749 2183 873 2235 vitae
896 2184 1133 2251 gustavit
1156 2201 1399 2251 amorem,
1758 2189 1857 2243 180,

179 2246 291 2301 Nec
314 2248 419 2303 fuit
441 2266 500 2300 m
523 2266 753 2317 numero,
777 2252 904 2332 quid
928 2252 1073 2305 obest
1097 2270 1202 2305 non
1226 2271 1335 2306 esse
1358 2254 1627 2307 creatum?

250 2316 419 2369 Exem
454 2317 568 2370 lum
590 2334 742 2387 porro
765 2321 1045 2388 gignendis
1067 2322 1236 2387 rebus,
1261 2327 1316 2374 et
1338 2322 1454 2402 ipsa

178 2383 406 2465 Notities
419 2335 716 2454 bominum,
741 2388 826 2441 dis
849 2390 990 2441 unde
1013 2396 1093 2442 est
1116 2391 1277 2443 insita
1299 2408 1544 2458 pnmum,

180 2451 320 2515 de
344 2454 541 2507 vellent
563 2455 733 2508 facere
756 2461 820 2508 ut
843 2457 1050 2524 scirent,
1074 2459 1350 2526 animoque
1373 2459 1647 2512 viderent?

182 2519 361 2581 Quove
383 2521 536 2574 modo
559 2528 639 2575 est
661 2540 895 2592 unquam
919 2525 998 2577 vis
1022 2526 1234 2592 cognita
1256 2526 1647 2595 principiorum,

181 2583 428 2653 Quidque
452 2589 591 2641 inter
613 2607 723 2643 sese
745 2599 1043 2659 permutato
1067 2593 1249 2645 ordine
1271 2602 1498 2660 possent,

179 2649 238 2704 Si
259 2669 364 2705 non
387 2655 502 2723 ipsa
525 2656 671 2709 dedit
694 2659 957 2726 specimen
979 2665 1173 2713 natura
1196 2660 1440 2713 creandi?

25 2878 317 2942 l—h„
