2084 3000
248 177 316 227 62
856 174 913 226 Τ.
949 173 1282 227 LUORETII

250 272 554 342 Omnigenis
577 273 788 344 perfusa
810 273 1067 326 coloribus
1088 273 1147 325 in
1170 289 1358 340 genere
1382 271 1560 324 omni?
1822 275 1924 325 820

250 343 601 396 Conveniebat
623 342 779 409 enirn,
803 358 980 394 corvos
1003 359 1212 410 quoque
1235 358 1373 410 ssepe
1394 341 1632 393 volantes

250 411 335 463 Ex
358 410 491 463 albis
515 410 694 463 album
717 410 902 491 pennis
917 411 1124 477 jactare
1146 409 1383 476 colorem,

250 478 324 531 Et
346 478 521 546 nigros
543 478 657 530 fleri
679 494 830 546 nigro
853 477 919 530 de
944 477 1140 530 semine
1163 494 1373 545 cygnos,

250 546 364 600 Aut
387 546 490 598 alio
514 547 696 614 quovis
721 562 824 599 uno
847 546 1095 614 varioque
1117 545 1299 599 colore.

323 614 466 679 Quin
488 614 663 680 etiam,
687 620 886 683 quanto
907 614 966 666 in
989 619 1166 682 partes
1188 631 1271 666 res
1294 630 1516 682 quaeque
1537 613 1772 666 minutas

252 682 579 736 Distrahitur
727 684 739 696 “
802 683 905 736 hoc
927 683 1097 750 magis
1119 687 1201 735 est
1222 689 1287 735 ut
1310 699 1518 735 cernere
1541 683 1704 750 possis
2057 688 2060 691 ’

252 750 573 804 Evanescere
595 769 666 820 pa
753 752 855 804 tim
877 751 1182 818 stinguique
1205 751 1454 803 colorem:
2057 694 2062 811 1

254 819 331 872 Ut
354 820 432 884 fit,
453 819 548 872 ubi
569 820 629 871 in
651 837 839 901 parvas
861 825 1038 887 partes
1063 819 1377 887 discerpitur
1398 835 1604 885 aurum,
2061 836 2062 843 ¹

254 887 510 956 Purpura,
533 904 900 957 poemceusque
923 887 1063 939 color
1085 887 1392 940 clarissimu’
1415 887 1600 954 multo,
2063 892 2064 897 ’

256 956 473 1008 Filatim
496 973 658 1024 quum
681 956 993 1008 distractum
1015 962 1111 1023 est,
1134 956 1455 1023 disperditur
1476 957 1669 1008 omnis:
1826 956 1933 1006 8³0

254 1024 478 1076 Noscere
499 1029 564 1076 ut
585 1023 711 1075 hinc
732 1024 894 1092 possis
954 1024 1064 1076 rius
1089 1041 1297 1076 omnem
1318 1023 1492 1077 efflare
1515 1023 1739 1077 colorem
2060 970 2065 1069 l

257 1089 564 1161 Barticulas,
589 1108 746 1159 quam
769 1091 850 1143 dis
1016 1097 1042 1144 t
1064 1092 1133 1145 ad
1159 1092 1359 1145 semina
1378 1108 1568 1145 rerum.

327 1157 610 1226 Postremo,
633 1160 882 1227 quoniam
903 1176 1011 1212 non
1033 1160 1211 1215 omnia
1232 1177 1446 1229 corpora
1466 1177 1648 1212 vocem

259 1224 475 1279 Mittere
498 1228 750 1295 concedis,
774 1244 945 1309 neque
968 1228 1206 1282 odorem:
1241 1234 1516 1298 propterea
1537 1228 1615 1295 fit,

260 1294 336 1348 Ut
360 1311 466 1347 non
489 1295 729 1348 omnibus
753 1297 1010 1349 attribuas
1035 1296 1235 1349 sonitus
1259 1303 1315 1350 et
1337 1297 1541 1349 odores:

261 1363 363 1429 Sic,
387 1364 550 1416 oeulis
574 1365 820 1433 quoniam
841 1382 948 1417 non
972 1364 1150 1417 omnia
1172 1382 1381 1418 cernere
1403 1365 1628 1432 quimus,

261 1432 403 1486 Scire
424 1432 564 1501 licet,
589 1433 831 1503 quaedam
854 1438 965 1486 tam
989 1439 1226 1486 constare
1249 1433 1373 1486 orba
1395 1433 1577 1501 colore,

263 1501 434 1567 Quam
458 1502 570 1556 sine
593 1503 746 1555 odore
769 1503 880 1555 ullo
905 1502 1162 1570 quaedam,
1188 1503 1466 1571 sonituque
1488 1507 1715 1555 remota:

261 1570 373 1623 Nee
395 1570 569 1623 minus
591 1570 705 1623 haec
727 1572 964 1625 animum
987 1587 1293 1638 cognoscere
1316 1587 1464 1639 posse
1488 1587 1740 1639 sagacem,

264 1638 435 1702 Quam
456 1656 576 1707 quse
599 1645 724 1692 sunt
746 1640 865 1692 aliis
886 1639 1043 1692 rebus
1066 1639 1276 1707 privata
1295 1640 1551 1708 notisque.
1834 1641 1942 1691 840

328 1757 542 1811 Atomos
563 1772 655 1808 noc
676 1754 891 1809 colorem
912 1773 1004 1810 mo
1025 1755 1230 1809 odorem
1251 1773 1342 1809 mc
1362 1773 1572 1810 succum
1594 1755 1887 1827 mcfriqm

827 1841 919 1877 nec
941 1824 1160 1878 calorem
1181 1824 1373 1879 habere.

335 1908 439 1962 Sed
461 1925 529 1960 ne
550 1909 686 1961 forte
708 1912 877 1976 putes,
902 1909 1009 1962 solo
1032 1910 1256 1978 spoliata
1278 1909 1446 1963 colore

266 1977 491 2045 Corpora
548 1975 683 2028 rima
704 1992 942 2041 manere3
976 1978 1141 2030 etiam
1164 1984 1363 2030 secreta
1385 1979 1580 2047 teporis

266 2044 405 2099 Sunt
428 2061 489 2097 ac
511 1994 717 2111 {rigoris
740 2045 951 2098 omnino
974 2046 1237 2114 calidique
1260 2047 1495 2114 vaporis3

268 2113 341 2165 Et
364 2113 539 2165 sonitu
563 2113 741 2166 sterila
764 2119 819 2166 et
842 2131 994 2167 succo
1010 2116 1199 2183 jejuna
1219 2115 1494 2179 feruntur3

268 2181 380 2234 Nec
396 2182 608 2250 jaciunt
628 2182 800 2234 ullum
823 2183 1094 2252 proprium
1116 2183 1182 2234 de
1205 2200 1415 2251 corpore
1439 2183 1663 2237 odorem.

270 2250 420 2302 Sicut
442 2250 727 2303 amaracini
750 2251 1005 2304 blandum
1029 2256 1314 2320 stactaeque
1337 2252 1593 2319 liquorem

269 2319 343 2371 Et
364 2318 417 2370 N
417 2318 532 2370 ardi
554 2318 749 2387 florem,
773 2326 956 2372 nectar
980 2320 1073 2387 qui
1095 2320 1309 2372 naribus
1333 2319 1498 2387 halat,

271 2387 446 2450 Quum
468 2386 640 2440 facere
663 2388 939 2441 instituas:
975 2388 1282 2456 cumprimis
1306 2405 1536 2455 quaerere
1557 2405 1655 2456 par
1677 2392 1773 2456 est,

272 2455 428 2516 Quod
450 2455 576 2507 licet
599 2472 661 2508 ac
683 2457 847 2524 possis
870 2457 1112 2524 reperire,
1136 2456 1382 2508 inolentis
1405 2457 1534 2509 olivi

270 2524 548 2590 Naturam,
571 2524 776 2576 nullam
799 2541 916 2592 quse
939 2525 1124 2577 mittat
1146 2524 1362 2576 naribus
1386 2541 1598 2576 auram:
1848 2528 1957 2577 850

272 2591 443 2654 Quam
466 2592 683 2643 minime
707 2597 767 2643 ut
789 2592 954 2658 possit
976 2592 1172 2643 mixtos
1194 2592 1251 2642 in
1276 2609 1487 2671 corpore
1510 2591 1707 2659 odores,

273 2658 656 2725 concoctosque
680 2674 773 2710 suo
796 2663 1064 2710 contactos
1085 2658 1300 2729 perdere
1324 2676 1450 2713 viro.
