2084 3000
234 196 305 248 86
861 189 919 244 Τ.
956 186 1290 243 LUGRE'HI

235 293 289 347 N
288 311 390 360 am,
414 306 575 361 quare
598 291 774 362 potius
796 291 893 344 leti
909 292 1025 359 jam
1048 291 1230 343 limine
1253 291 1321 343 ab
1344 290 1457 358 ipso

236 362 320 416 Ad
346 362 513 414 vitam
535 361 736 429 possint
765 361 1002 428 conjecta
1023 365 1202 412 mente
1221 359 1430 424 reverti,
1813 363 1918 411 960

238 431 422 495 Quam,
446 444 549 497 quo
573 429 851 481 decursum
873 445 1035 496 prope
1052 429 1166 496 jam
1190 428 1303 494 siet,
1327 428 1403 479 ire
1426 433 1481 479 et
1501 426 1646 479 abire
1668 426 1690 479 ’ἱ

307 498 582 565 Praeterea,
607 497 853 566 quoniam
877 496 1022 548 dolor
1042 502 1142 562 est,
1164 495 1257 548 ubi
1279 496 1522 549 materiai

238 566 475 634 Corpora,
499 566 554 619 vi
576 565 805 634 quadam
828 581 921 633 per
944 565 1143 617 viscera
1165 565 1302 631 viva,
1325 578 1420 633 per
1443 570 1591 617 artus

235 634 544 702 sollicitata,
570 634 676 686 suis
700 639 751 686 tr
818 634 968 686 idant
991 634 1049 685 in
1074 632 1282 685 sedibus
1305 633 1449 685 intus
1470 651 1484 696 ;

238 702 405 775 Inque
427 703 602 756 locum
660 719 767 755 uan
804 719 834 755 o
857 702 1160 770 remigrant,
1184 701 1246 754 fit
1269 701 1464 754 blanda
1487 701 1759 770 voluptas:

236 768 379 825 Scire
400 771 540 841 licet,
563 789 638 823 nu
680 788 710 823 0
733 771 1016 840 primordia
1038 786 1187 839 posse
1210 770 1384 822 dolore

236 840 464 908 Tentari,
488 841 793 910 nullamque
816 839 1142 907 voluptatem
1165 855 1348 907 capere
1372 855 1438 892 ex
1461 855 1517 891 se
1539 857 1553 893 t

238 908 674 977 Quandoquidem
694 925 801 960 non
825 912 949 960 sunt
972 922 1039 960 ex
1063 908 1187 959 ullis
1212 907 1589 976 principiorum

238 977 561 1046 Corporibus,
584 992 809 1046 quorum
828 982 1003 1028 metus
1027 977 1263 1028 novitate
1285 975 1538 1043 laborent,

237 1045 350 1098 Aut
373 1045 600 1113 aliquem
623 1046 857 1098 fructum
881 1044 1096 1113 capiant
1119 1044 1410 1097 dulcedinis
1433 1044 1617 1098 almae:
1807 1045 1912 1098 970

239 1111 401 1166 Haud
424 1114 589 1181 igitur
612 1113 804 1167 debent
826 1129 937 1165 esse
960 1113 1069 1165 ullo
1092 1113 1315 1181 praedita
1337 1129 1508 1166 sensu.

306 1182 561 1250 Denique,
584 1182 668 1234 uti
688 1182 890 1251 possint
914 1181 1106 1234 sentire
1127 1181 1379 1234 animalia
1402 1197 1634 1250 quaeque,

239 1248 519 1320 Principiis
541 1250 587 1303 si
603 1254 718 1319 jam
740 1255 821 1302 est
844 1266 1024 1302 sensus
1048 1249 1357 1302 tribuendus
1380 1267 1557 1303 eorum
1579 1269 1593 1303 ε

239 1318 379 1382 Quid
399 1318 420 1372 2
455 1336 622 1387 genus
643 1319 937 1371 humanum
959 1319 1236 1387 propritim
1254 1318 1319 1370 de
1343 1318 1530 1387 quibus
1548 1324 1764 1372 auctum
1786 1323 1883 1387 est,

237 1385 446 1440 Scilicet
470 1393 524 1440 et
546 1388 654 1439 risu
677 1387 900 1440 tremulo
925 1403 1174 1440 concussa
1198 1387 1530 1452 cachinnant,

235 1451 610 1525 Etaaehrymis
636 1461 888 1525 spargunt
911 1455 1206 1509 rorantibus
1229 1472 1319 1509 ora
1347 1470 1348 1473 ’
1378 1472 1618 1526 suasque,

234 1525 513 1594 Multaque
536 1526 602 1578 de
623 1542 798 1578 rerum
820 1526 1055 1578 mixtura
1075 1525 1247 1577 dicere
1271 1472 1481 1591 cafient,

234 1592 307 1646 Et
330 1594 429 1646 sibi
452 1610 696 1664 proporro
720 1607 837 1662 quae
852 1595 970 1646 sint
992 1594 1278 1662 primordia
1301 1599 1560 1661 quaerunt.

237 1662 672 1732 Quandoquidem
695 1663 820 1715 totis
843 1662 1152 1716 mortalibus
1175 1662 1466 1715 assimilata

237 1730 360 1799 Ipsa
383 1748 588 1799 quoque
611 1745 678 1784 ex
698 1730 819 1783 aliis
843 1730 1036 1783 debent
1057 1736 1299 1784 constare
1321 1730 1596 1783 elementis
1615 1749 1630 1795 3
1804 1733 1910 1783 980

236 1799 368 1853 Inde
392 1799 499 1852 alia
521 1815 588 1851 ex
611 1799 746 1865 aliis,
769 1813 1031 1867 nusquam
1055 1799 1334 1852 consistere
1357 1805 1422 1852 ut
1444 1799 1596 1851 ausis.

236 1868 443 1936 Quippe
467 1884 668 1935 sequar,
686 1866 1056 1947 quodcumque
1079 1868 1223 1935 loqui
1244 1867 1518 1936 ridereque
1542 1868 1697 1935 dices,

232 1934 306 1989 Et
330 1952 522 2004 sapere,
547 1952 613 1987 ex
637 1934 755 1987 aliis
778 1935 960 1987 eadem
982 1936 1097 1989 haec
1119 1934 1448 2003 facientibus,
1473 1941 1536 1989 ut
1558 1937 1640 1991 sit.

236 2003 387 2069 Quod
412 2004 457 2055 si
480 2003 646 2055 delira
668 2002 782 2055 haec
806 2003 1105 2071 furiosaque
1128 2006 1389 2057 cernimus
1412 2022 1522 2058 esse
1545 2022 1557 2058 :

232 2071 304 2125 Et
327 2072 496 2124 ridere
521 2076 691 2140 potest
716 2088 821 2123 non
845 2088 912 2123 ex
935 2073 1231 2125 ridentibus
1253 2079 1459 2140 auctus,

230 2138 305 2194 Et
319 2157 520 2209 sapere,
545 2146 599 2193 et
624 2139 790 2192 doctis
812 2141 1070 2193 rationem
1087 2141 1307 2194 reddere
1332 2142 1502 2210 dictis,
1519 2172 1546 2206 ,ι

230 2208 349 2263 Non
374 2226 442 2261 ex
466 2208 748 2261 seminibus
773 2208 1095 2277 sapientibus
1111 2217 1274 2279 atque
1296 2208 1534 2263 disertis:

232 2279 337 2342 Qui
360 2278 533 2330 minus
557 2295 666 2331 esse
691 2283 888 2345 queant
910 2295 986 2346 ea,
1046 2296 1131 2330 use
1154 2279 1347 2331 sentire
1370 2279 1608 2331 videmns

229 2346 525 2400 Seminibus
548 2347 813 2415 permixta
835 2347 1035 2399 carenti
1073 2364 1133 2398 us
1157 2347 1387 2428 undique
1411 2363 1565 2400 sensu
1586 2348 1607 2400 ἲ

304 2415 540 2483 Denique
565 2415 762 2467 coelesti
786 2429 965 2467 sumus
986 2431 1166 2466 omnes
1191 2431 1387 2466 semme
1407 2416 1654 2469 oriundi:
1802 2418 1907 2467 990

231 2481 486 2535 Omnibus
509 2482 599 2535 ille
622 2483 763 2535 idem
787 2488 938 2549 pater
959 2487 1053 2546 est,
1077 2482 1220 2534 unde
1244 2482 1383 2535 alma
1406 2483 1667 2551 liquentes

231 2548 481 2601 humoris
504 2556 686 2616 guttas
709 2556 878 2601 mater
898 2564 1068 2616 quum
1091 2554 1231 2601 terra
1251 2552 1464 2617 recepit,

231 2611 381 2668 Foeta
404 2618 544 2683 parit
566 2617 763 2668 nitidas
785 2617 963 2681 fruges
987 2615 1303 2683 arbustaque
1326 2617 1464 2683 laeta,

229 2682 301 2735 Et
323 2701 489 2750 genus
513 2684 819 2745 humanum,
844 2683 984 2749 parit
1007 2683 1184 2733 omnia
1207 2683 1359 2735 sescla
1381 2685 1611 2737 ferarum
1633 2702 1649 2748 ς
