2084 3000
735 205 950 256 LIBER
988 204 1319 265 QUINTUS.
1774 207 1873 256 159

263 306 468 374 Quippe
492 306 688 358 etenim
712 306 941 374 primum
967 309 1129 359 terrai
1155 324 1244 358 cor
1281 322 1372 359 ora
1394 321 1632 373 quaeque,
1771 309 1876 358 450

190 373 474 442 Propterea
497 374 637 443 quod
660 380 813 427 erant
835 375 1020 442 gravia
1043 381 1100 427 et
1122 392 1247 443 perp
1270 392 1384 442 exa,
1408 375 1621 427 coibant

195 442 266 494 In
287 442 459 495 medio
482 452 644 511 atque
666 444 800 495 imas
824 444 1106 511 capiebant
1129 443 1306 496 omnia
1329 445 1502 495 sedes:

195 512 324 576 Quae
349 518 545 580 quanto
567 511 737 579 magis
759 511 900 563 inter
924 528 977 563 se
1002 512 1256 580 perplexa
1277 511 1503 577 coibant,

193 580 326 633 Tam
347 581 514 648 magis
538 596 835 648 expressere
858 596 934 647 ea,
959 597 1079 647 quae
1104 597 1262 647 mare,
1286 580 1472 647 sidera,
1496 580 1671 648 solem,

192 649 504 718 Lunamque
527 648 807 715 efficerent,
825 654 882 700 et
904 649 1089 714 magni
1110 648 1306 700 moenia
1327 649 1529 701 mundi.

195 717 388 769 Omnia
409 718 554 770 enim
573 717 744 784 magis
767 716 880 769 haec
904 733 933 769 e
956 715 1180 768 laevibus
1203 721 1363 784 atque
1385 717 1625 769 rotundis

195 785 508 852 Seminibus,
531 786 802 853 multoque
825 784 1106 837 minoribu’
1131 790 1258 837 sunt
1281 784 1565 852 elementis,

198 853 370 919 Quam
393 854 581 907 tellus:
615 854 734 907 ideo
759 853 1457 922 perraraforaminaterrae

197 922 446 975 Partibus
469 940 618 975 erum
684 940 748 974 ns
770 923 970 991 primus
994 940 1050 974 se
1073 922 1291 974 sustulit
1312 922 1479 974 aether

199 991 415 1059 Ignifer‚
441 997 496 1044 et
518 940 713 1044 muftgs
737 1008 911 1043 seeum
935 991 1067 1043 levis
1090 989 1311 1043 abstulit
1333 990 1506 1058 ignes:
1775 993 1881 1044 460

198 1060 322 1113 Non
343 1060 451 1113 alia
474 1061 628 1127 longe
650 1060 867 1126 ratione,
892 1076 955 1113 ac
979 1076 1119 1128 saepe
1143 1059 1399 1126 videmus,

199 1128 378 1182 Aurea
400 1146 561 1197 quum
585 1128 815 1196 primum
837 1134 1165 1196 gemmantes
1186 1145 1302 1181 rore
1324 1145 1419 1197 per
1439 1128 1626 1182 herbas

200 1197 476 1252 Matutina
497 1197 691 1249 rubent
712 1196 906 1250 radiati
927 1197 1135 1249 lumina
1158 1197 1295 1264 solis,

200 1265 575 1333 Exhalantque
597 1265 743 1317 lacus
765 1264 1027 1332 nebulam,
1051 1265 1306 1334 fluviique
1449 1283 1593 1334 nnes,

203 1334 446 1404 Ipsaque,
471 1340 534 1386 ut
557 1333 841 1401 interdum,
862 1335 1024 1387 tellus
1045 1335 1254 1386 fumare
1276 1335 1336 1387 vi
1367 1340 1511 1387 etur:

347 1404 360 1415 ⁶
419 1418 536 1471 quae
558 1418 769 1455 sursum
793 1420 956 1471 quum
981 1403 1333 1456 conciliantur
1355 1402 1413 1454 in
1436 1403 1560 1468 alto,

205 1472 429 1541 Corpore
452 1478 692 1525 concreto
716 1470 1008 1526 subtexunt
1030 1471 1218 1526 nubila
1240 1471 1443 1525 coslum.

205 1541 294 1596 Sic
316 1542 486 1610 igitur
507 1548 626 1595 tum
649 1558 704 1594 se
726 1540 858 1594 levis
880 1558 943 1595 ac
965 1542 1213 1594 diffusilis
1235 1540 1403 1594 aether

207 1610 280 1664 Oo
372 1628 430 1662 re
453 1617 693 1663 concreto
717 1609 1073 1663 circumdatus
1096 1610 1331 1678 undique
1354 1608 1533 1677 sepsit,

206 1628 411 1733 Etrffte
434 1678 656 1731 diffusus
678 1679 737 1730 in
759 1696 938 1731 omnes
959 1679 1196 1747 undique
1218 1683 1410 1747 partes,
1777 1680 1881 1732 4⁷0

211 1748 402 1803 Omnia
424 1748 500 1801 sic
522 1747 678 1801 avido
701 1748 980 1817 complexu
1002 1752 1179 1801 cetera
1200 1746 1376 1816 sepsit.

256 1871 340 1926 De
373 1871 498 1926 eolis
526 1880 575 1926 et
603 1870 746 1925 lunoe
774 1871 1147 1941 annitudine
1163 1878 1209 1925 ct
1236 1878 1380 1924 motu
1401 1885 1579 1923 eorum
1601 1876 1647 1923 ct
1669 1884 1840 1939 quem-

754 1940 1040 1994 adsmodwm
1062 1949 1364 1994 nascantw.

283 2026 445 2078 Hunc
468 2024 684 2078 exordia
705 2030 832 2077 sunt
855 2025 976 2077 solis
997 2025 1244 2094 lunaeque
1268 2029 1463 2088 secuta,
1485 2028 1542 2075 et

214 2095 369 2147 Inter
389 2100 640 2162 utrasque
662 2091 805 2162 globi
828 2110 1051 2162 quorum
1073 2099 1354 2147 vertuntur
1375 2092 1435 2145 in
1457 2091 1609 2158 auris,

216 2164 346 2229 Quae
369 2179 540 2231 neque
560 2169 702 2216 terra
725 2163 823 2215 sibi
845 2162 1083 2229 adscivit,
1106 2178 1275 2229 neque
1297 2160 1560 2214 maximus
1584 2159 1747 2213 aether
1758 2176 1775 2224 ς

216 2233 369 2297 Quod
390 2248 489 2285 nec
513 2237 625 2286 tam
648 2231 846 2284 fuerint
867 2231 1064 2299 gravia,
1086 2236 1151 2283 ut
1173 2231 1416 2299 depressa
1437 2230 1702 2292 sederent3

216 2301 329 2354 Nec
351 2301 503 2368 levia,
526 2307 593 2354 ut
615 2306 826 2370 possent
849 2316 942 2368 per
963 2316 1195 2352 summas
1216 2299 1384 2352 labier
1406 2316 1552 2352 oras:

216 2370 291 2423 Et
314 2376 494 2423 tamen
514 2371 658 2423 inter
678 2375 929 2437 utrasque
950 2368 1030 2420 ita
1053 2373 1193 2434 sunt,
1214 2374 1279 2421 ut
1301 2382 1516 2436 corpora
1538 2368 1661 2420 viva

219 2439 457 2506 Vei-sent,
480 2445 537 2492 et
559 2444 735 2508 partes
758 2444 820 2491 ut
841 2437 1027 2489 mundi
1051 2437 1214 2490 totius
1237 2443 1460 2489 exstent.

221 2508 374 2572 Quod
396 2524 563 2576 genus
584 2508 644 2560 in
666 2505 815 2560 nobis
837 2505 1078 2575 quaedam
1099 2505 1225 2559 licet
1245 2507 1304 2557 in
1327 2505 1551 2557 statione

222 2576 468 2629 Membra
479 2593 706 2643 manere,
716 2581 895 2629 tamen
912 2592 1078 2643 quum
1096 2575 1204 2627 sint
1221 2592 1297 2640 ea,
1308 2590 1426 2642 quae
1442 2575 1765 2625 moveantur.
1788 2573 1893 2624 430

296 2645 396 2697 His
417 2646 585 2714 igitur
605 2641 759 2698 rebus
781 2645 1035 2709 retractis,
1060 2649 1201 2696 terra
1221 2647 1452 2710 repente,

224 2712 466 2768 Maxima
488 2730 594 2783 qua
613 2730 758 2767 nunc
779 2730 835 2769 se
857 2713 1008 2782 ponti
1031 2710 1191 2781 plaga
1213 2709 1406 2765 caerula
1429 2707 1618 2775 tendit,
