2084 3000
736 204 959 257 LIBER
993 205 1317 269 QUINTUS.
1760 212 1855 262 161

250 307 347 360 Est
372 306 535 360 etiam
559 323 778 375 quoque,
802 307 887 359 uti
910 308 1074 375 possit
1099 309 1291 362 coelum
1314 326 1467 362 omne
1489 325 1703 363 manere

182 376 251 428 In
275 377 516 442 statione,
539 381 720 427 tamen
745 392 910 443 quum
932 376 1113 428 lucida
1137 378 1289 445 signa
1310 378 1579 433 ferantur:
1655 401 1658 406 >

179 445 303 497 Sive
325 445 465 513 quod
488 444 679 496 inclusi
701 444 875 511 rapidi
903 450 1028 497 sunt
1052 445 1262 497 aetheris
1287 452 1459 514 aestus‚
1753 449 1862 500 520

181 513 587 581 Quaerentesque
609 513 753 564 viam
775 513 1266 582 circumversantur,
1286 521 1341 566 et
1363 516 1512 582 ignes

178 582 382 634 Passim
405 598 499 650 per
522 580 640 633 coeli
663 581 885 634 volvunt
909 598 963 633 se
984 582 1242 636 immania
1264 584 1491 653 templa:

179 650 302 702 Sive
325 649 538 702 aliunde
561 649 729 702 fluens
753 649 998 701 alicunde
1022 651 1347 705 extrinsecus
1370 654 1464 705 aer

179 718 368 771 Versat
391 735 551 785 agens
573 718 753 785 ignes3
790 718 898 771 sive
921 718 1022 786 ipsi
1048 735 1249 799 serpere
1272 724 1504 790 possunt,

180 787 297 850 Quo
321 789 572 855 cujusque
595 787 742 838 cibus
765 792 918 839 vocat
942 793 1103 854 atque
1124 787 1321 842 invitat
1343 795 1542 857 euntes,

178 854 450 907 Flammea
474 872 567 925 per
590 855 779 907 coelum
803 862 1076 922 pascentes
1099 873 1312 925 corpora
1334 858 1543 925 passim.

179 924 321 976 Nam
345 924 475 992 quid
498 925 557 975 in
579 923 678 976 hoc
700 924 898 976 mundo
922 924 991 976 sit
1015 941 1209 992 eorum,
1232 942 1423 994 ponere
1445 932 1650 980 certum

178 992 407 1044 Difficile
430 997 535 1045 est:
573 993 678 1060 sed,
704 993 831 1062 quid
855 994 1020 1060 possit
1041 993 1240 1062 fiatque
1264 1011 1357 1064 per
1380 1012 1547 1064 omne,

183 1061 252 1113 In
276 1061 434 1113 variis
456 1061 681 1128 mundiS‚
695 1061 852 1114 ‘varia
873 1062 1079 1114 ratione
1103 1063 1305 1131 creatis,

181 1129 250 1181 Id
274 1129 461 1194 doceo;
496 1130 772 1198 pluresque
796 1146 980 1199 sequor
1004 1131 1275 1200 disponere
1300 1149 1481 1186 causas
1752 1137 1856 1187 530

183 1197 422 1250 Motibus
445 1204 717 1266 astrorum,
743 1214 859 1267 quse
882 1199 1085 1266 possint
1108 1216 1217 1252 esse
1239 1217 1334 1268 per
1356 1218 1521 1254 omne.

179 1266 229 1319 E
247 1267 436 1334 quibus
461 1283 568 1319 una
584 1272 765 1319 tamen
789 1267 858 1319 sit
882 1272 943 1319 st
959 1267 1076 1320 haec
1132 1284 1304 1336 uoque
1327 1286 1483 1321 causa
1504 1286 1711 1323 necesse
1736 1275 1831 1337 est,

183 1336 312 1399 Quae
336 1338 554 1403 vegeat‘¹
577 1341 783 1387 motum
806 1335 969 1403 signis
988 1354 1004 1400 3
1040 1284 1147 1403 sed,
1171 1352 1289 1404 quae
1315 1337 1384 1390 sit
1407 1354 1601 1405 earum,

180 1403 483 1472 Praecipere‚
507 1404 652 1457 haud
677 1420 787 1472 qua
823 1421 946 1456 uam
970 1409 1053 1457 est
1074 1405 1398 1474 pedetentim
1416 1406 1815 1487 progredientis.

254 1473 513 1543 Terraque
536 1479 598 1526 ut
620 1474 679 1526 in
699 1490 784 1526 me
821 1473 874 1527 ia
894 1473 1084 1526 mundi
1106 1472 1319 1543 regione
1342 1480 1589 1545 qmescat,

183 1542 508 1595 Evanescere
531 1543 790 1610 paulatim
813 1546 868 1594 et
892 1543 1184 1596 decrescere
1203 1544 1412 1663 pondus

182 1611 469 1675 Convenit3
504 1618 664 1678 atque
687 1611 848 1664 aliam
870 1616 1119 1664 naturam
1143 1629 1203 1665 su
1240 1617 1320 1664 ter
1342 1611 1549 1680 habere,

183 1680 270 1734 Ex
292 1681 509 1732 ineunte
532 1697 641 1733 aevo
664 1682 1017 1748 conjunctam,
1031 1685 1195 1748 atque
1219 1681 1395 1737 uniter
1416 1687 1598 1750 aptam

182 1748 433 1802 Partibus
456 1749 613 1802 aeriis
635 1748 834 1815 mundi,
854 1748 1047 1816 quibus
1069 1748 1232 1801 insita
1252 1749 1401 1804 vivit.

182 1817 465 1886 Propterea
488 1834 595 1869 non
616 1823 698 1870 est
721 1817 881 1886 oneri,
903 1834 1075 1887 neque
1100 1817 1348 1886 deprimit
1371 1835 1555 1884 auras3
1752 1821 1858 1872 540

182 1886 255 1940 Et
281 1903 377 1939 sua
399 1887 590 1955 cuique
613 1886 815 1939 homini
839 1885 987 1938 nullo
1012 1891 1139 1938 sunt
1162 1887 1390 1954 pondere
1411 1887 1661 1958 membra,

184 1954 301 2007 Nec
324 1960 486 2036 caput
510 1960 591 2007 est
614 1955 758 2007 oneri
783 1955 929 2022 collo,
953 1971 1053 2008 nec
1077 1955 1301 2024 denique
1324 1962 1499 2013 totum

186 2023 425 2093 Corporis
450 2024 504 2075 in
528 2023 751 2092 pedibus
772 2024 978 2092 pondus
1002 2025 1256 2076 sentimus
1278 2024 1460 2079 inesse.

184 2091 261 2143 At
283 2108 629 2160 quaecumque
650 2092 777 2144 foris
800 2093 1037 2158 veniunt,
1062 2093 1389 2160 impostaque
1410 2093 1561 2147 nobis

184 2158 425 2213 Pondera
448 2168 586 2226 sunt,
612 2161 817 2212 laedunt
841 2161 1102 2228 permulto
1126 2176 1261 2229 saepe
1283 2162 1514 2217 minora:

183 2228 363 2296 Usque
387 2230 517 2282 adeo
539 2229 721 2296 magni
745 2229 918 2294 refert,
944 2228 1072 2296 quid
1096 2245 1315 2299 quaeque
1338 2237 1501 2300 queat
1521 2247 1618 2285 res.

185 2296 272 2349 Sic
295 2298 460 2364 igitur
480 2298 641 2350 tellus
665 2314 771 2349 non
795 2304 875 2349 est
897 2296 1072 2350 aliena
1092 2304 1308 2364 repente

183 2365 380 2433 Allata,
405 2372 565 2435 atque
588 2367 729 2419 auris
751 2364 968 2418 aliunde
991 2365 1198 2433 objecta
1219 2366 1436 2431 alienis;

184 2433 289 2486 Sed
313 2435 511 2502 pariter
532 2435 704 2503 prima
725 2438 978 2501 concepta
999 2433 1068 2484 ab
1091 2434 1291 2501 origine
1313 2436 1516 2502 mundi,

186 2502 444 2570 Certaque
467 2520 586 2571 pars
610 2505 752 2571 ejus3
788 2502 938 2572 quasi
961 2496 1110 2553 nobis
1134 2503 1367 2555 membra
1389 2504 1654 2557 videntur.
1760 2506 1864 2557 550

257 2571 530 2638 Praeterea,
555 2572 744 2639 grandi
767 2571 969 2623 tonitru
993 2586 1260 2637 concussa,
1283 2579 1501 2639 repente

187 2639 362 2707 Terra,
388 2657 544 2709 supra
568 2657 622 2692 se
646 2657 761 2710 quae
786 2645 925 2707 sunt,
950 2640 1187 2692 concutit
1212 2641 1389 2692 omnia
1410 2647 1588 2698 motu:

852 2739 871 2768 ἆ
899 2737 1060 2787 vigeam
1090 2735 1185 2775 Me.

993 2805 1036 2840 u
