2084 3000
741 189 961 243 LIBER
998 188 1343 251 QUARTUS.
1782 189 1881 244 11⁷

271 291 469 345 Lurida
489 295 744 362 praeterea
764 291 916 359 fiunt,
941 308 1285 362 quaecumque
1309 295 1531 346 tuentur

203 360 460 430 Arquati3
497 361 623 428 quia
642 361 834 429 luroris
856 361 921 414 de
944 379 1157 431 corpore
1180 378 1358 414 eorum

201 429 416 483 Semina
438 429 610 483 multa
630 429 809 482 fluunt
832 430 1122 483 simulacris
1146 428 1299 484 obvia
1321 447 1524 493 rerum;

201 498 481 568 Multaque
505 504 632 551 sunt
654 499 817 552 oculis
840 499 897 551 in
921 515 1102 551 eorum
1125 499 1352 581 denique
1374 500 1560 565 mixta,

203 567 336 629 Quae
360 573 581 634 contage
604 583 700 620 sua
721 566 1008 636 palloribus
1032 568 1209 620 omnia
1231 573 1475 637 pingunt.

273 636 320 688 E
342 636 571 689 tenebris
593 641 789 703 autem,
813 652 933 705 quae
957 642 1084 688 sunt
1105 636 1164 688 in
1187 636 1320 718 luce,
1346 642 1572 704 tuemur,

201 704 503 773 Propterea,
528 704 656 772 quia
680 718 845 773 quum
868 704 1079 774 propior
1100 703 1343 773 caliginis
1365 706 1457 757 aer

201 773 336 828 Ater
357 772 461 826 init
470 773 659 851 *oeulos
681 774 835 842 prior,
859 779 915 826 et
938 773 1169 845 possedit
1191 778 1428 842 apertos3
1780 772 1885 825 340

204 842 512 911 Insequitur
533 841 761 895 candens
785 842 1061 895 oonfestim
1082 841 1290 895 lucidus
1313 843 1420 908 a‘er,

205 911 311 976 Qui
333 911 485 981 quasi
507 916 702 979 purgat
723 927 823 978 eos,
847 924 910 964 ao
932 911 1112 979 nigras
1135 910 1354 964 discutit
1378 908 1586 963 umbras

203 980 358 1034 Aeris
379 980 549 1033 illius:
584 996 712 1032 nam
735 980 918 1035 multis
940 979 1181 1048 partibus
1204 979 1293 1032 hio
1316 984 1398 1033 est

204 1047 464 1117 Mobilior,
486 1048 774 1117 multisque
793 1049 1064 1117 minutior,
1087 1054 1144 1102 et
1163 1065 1318 1118 mage
1341 1047 1555 1117 pollens.

207 1117 313 1182 Qui
336 1117 493 1171 simul
516 1122 676 1186 atque
697 1118 810 1171 vias
833 1117 1105 1170 oculorum
1128 1117 1247 1171 luoe
1268 1117 1505 1187 replevit,

203 1187 380 1255 Atque
402 1186 668 1255 patefecit,
692 1200 821 1267 quas
843 1192 970 1239 ante
992 1185 1267 1239 obsederat
1289 1192 1435 1251 ater3

204 1253 466 1307 Continuo
487 1268 664 1307 rerum
688 1254 968 1308 simulacra
989 1252 1244 1329 adaperta
1266 1259 1574 1324 sequuntur,

206 1322 338 1387 Ques
361 1322 464 1376 sita
487 1327 613 1375 sunt
634 1323 694 1375 in
715 1322 846 1390 luoe,
870 1323 1252 1393 lacessuntque,
1276 1330 1338 1377 ut
1359 1324 1644 1378 videamus.

208 1391 360 1456 Quod
383 1396 567 1444 eontra
587 1391 759 1444 faeere
781 1392 840 1443 in
864 1391 1094 1445 tenebris
1116 1409 1146 1445 e
1168 1393 1288 1446 luee
1310 1391 1606 1462 nequimus,

205 1458 489 1529 Propterea
509 1459 637 1531 quia
657 1461 909 1530 posterior
929 1461 1171 1531 anginis
1194 1465 1286 1517 aer
1784 1462 1889 1515 350

206 1529 434 1583 Crassior
455 1529 762 1611 insequitur,
785 1530 880 1601 qui
903 1538 1099 1585 cuneta
1120 1531 1378 1584 foramina
1401 1529 1646 1600 complet,

207 1597 518 1667 obsiditque
540 1613 653 1652 vias
676 1599 959 1667 oculorum,
982 1615 1052 1654 ne
1074 1600 1354 1653 simulacra

207 1666 421 1722 Possint
443 1663 674 1721 ullamm
694 1684 872 1722 rerum
893 1674 1137 1722 contecta
1157 1669 1368 1722 moveri.

259 1806 342 1862 De
354 1807 591 1862 tum-ibus
613 1807 902 1880 quadr-atie,
919 1823 1017 1863 eur
1033 1823 1216 1863 aarum
1233 1806 1420 1862 wmhm
1436 1823 1567 1879 περι
1588 1805 1829 1861 ronmda.

279 1936 677 2006 Quadratasque
698 1936 882 2006 procul
904 1941 1078 1990 turres
1098 1952 1263 2006 quum
1284 1934 1547 1989 oei-nimus
1569 1933 1729 2001 urbis,

208 2004 495 2075 Propterea
516 2005 595 2073 fit,
620 2006 702 2059 uti
723 2006 1004 2059 videantur
1027 2022 1162 2075 saepe
1184 2004 1440 2072 rotundae,

207 2074 454 2142 Angulus
476 2074 695 2128 obtusus
718 2074 843 2145 quia
863 2074 1020 2142 longe
1045 2074 1278 2127 cernitur
1300 2073 1484 2141 omnis,

205 2142 329 2196 Sive
351 2143 514 2197 etiam
535 2143 714 2212 potius
734 2155 842 2196 non
865 2143 1114 2210 oei-nitur,
1137 2158 1200 2195 ae
1223 2141 1361 2210 pei-it
1383 2143 1497 2210 ejus
1562 2147 1566 2152 '

207 2210 391 2280 Plaga,
413 2228 512 2265 nee
534 2212 604 2265 ad
626 2217 831 2266 nostras
853 2212 990 2265 acies
1012 2211 1305 2281 perlabitur
1325 2210 1493 2276 ictus3

203 2279 348 2334 Aera
485 2280 720 2334 multum
741 2281 870 2349 quia
894 2279 1023 2332 dum
1049 2279 1329 2333 simulacra
1350 2279 1610 2347 feruntur,

206 2348 362 2417 Cogit
420 2348 656 2404 ebesoere
676 2366 801 2403 eum
821 2347 1013 2402 erebris
1036 2348 1315 2402 offensibus
1337 2350 1442 2403 aer.
1786 2346 1890 2397 360

206 2417 367 2485 Hine,
390 2418 485 2470 ubi
508 2418 733 2486 suffugit
752 2435 964 2471 sensum
987 2417 1146 2471 simul
1168 2417 1397 2486 angulus
1420 2416 1604 2481 omnis,

205 2485 312 2553 Fit,
337 2486 488 2555 quasi
511 2492 574 2540 ut
595 2486 666 2540 ad
688 2492 902 2541 tornum
925 2494 1173 2540 saxorum
1195 2492 1396 2540 structa
1418 2492 1667 2539 tuantur:
1795 2503 1826 2525 ·

204 2554 326 2608 Non
348 2562 544 2622 tamen,
569 2560 631 2609 ut
653 2572 828 2608 eoram
851 2573 969 2625 ques
993 2561 1133 2623 sunt,
1158 2571 1383 2623 vereque
1404 2554 1650 2620 ronmda,

206 2623 313 2677 Sed
337 2624 489 2693 quasi
510 2623 865 2679 adumbratim
887 2624 1107 2693 paulum
1141 2624 1391 2677 simulata
1411 2622 1675 2676 videntur.
