<?xml version="1.0" encoding="UTF-8"?>
<!DOCTYPE html PUBLIC "-//W3C//DTD XHTML 1.0 Transitional//EN"
    "http://www.w3.org/TR/xhtml1/DTD/xhtml1-transitional.dtd">
<html xmlns="http://www.w3.org/1999/xhtml" xml:lang="en" lang="en">
 <head>
  <title>
</title>
<meta http-equiv="Content-Type" content="text/html;charset=utf-8" />
  <meta name='ocr-system' content='tesseract 3.04.00' />
  <meta name='ocr-capabilities' content='ocr_page ocr_carea ocr_par ocr_line ocrx_word'/>
</head>
<body>
  <div class='ocr_page' id='page_1' title='image "./tlucretiicaride04carugoog_0067.png"; bbox 0 0 2084 3000; ppageno 0'>
   <div class='ocr_carea' id='block_1_1' title="bbox 715 182 1866 259">
    <p class='ocr_par' dir='ltr' id='par_1_1' title="bbox 715 182 1866 259">
     <span class='ocr_line' id='line_1_1' title="bbox 715 182 1866 259; baseline 0.002 -21"><span class='ocrx_word' id='word_1_1' title='bbox 715 182 932 239; x_wconf 80' lang='lat' dir='ltr'>LIBER</span> <span class='ocrx_word' id='word_1_2' title='bbox 964 184 1343 240; x_wconf 74' lang='lat' dir='ltr'>SECUNDUS.</span> <span class='ocrx_word' id='word_1_3' title='bbox 1645 252 1651 259; x_wconf 66' lang='lat'><em>„</em></span> <span class='ocrx_word' id='word_1_4' title='bbox 1798 189 1866 240; x_wconf 78' lang='lat'><strong>47</strong></span> 
     </span>
    </p>
   </div>
   <div class='ocr_carea' id='block_1_2' title="bbox 185 282 1869 972">
    <p class='ocr_par' dir='ltr' id='par_1_2' title="bbox 185 282 1452 354">
     <span class='ocr_line' id='line_1_2' title="bbox 185 282 1452 354; baseline 0.004 -19"><span class='ocrx_word' id='word_1_5' title='bbox 185 282 466 351; x_wconf 65' lang='lat' dir='ltr'><strong>Praeterea,</strong></span> <span class='ocrx_word' id='word_1_6' title='bbox 490 301 697 352; x_wconf 82' lang='lat' dir='ltr'><strong>magnae</strong></span> <span class='ocrx_word' id='word_1_7' title='bbox 719 285 949 353; x_wconf 85' lang='lat' dir='ltr'><strong>legiones</strong></span> <span class='ocrx_word' id='word_1_8' title='bbox 973 303 1139 354; x_wconf 88' lang='lat' dir='ltr'><strong>quum</strong></span> <span class='ocrx_word' id='word_1_9' title='bbox 1161 287 1276 339; x_wconf 81' lang='lat' dir='ltr'><strong>loca</strong></span> <span class='ocrx_word' id='word_1_10' title='bbox 1298 303 1452 340; x_wconf 87' lang='lat' dir='ltr'><strong>cursu</strong></span> 
     </span>
    </p>

    <p class='ocr_par' dir='ltr' id='par_1_3' title="bbox 185 352 1497 422">
     <span class='ocr_line' id='line_1_3' title="bbox 185 352 1497 422; baseline 0.002 -18"><span class='ocrx_word' id='word_1_11' title='bbox 185 352 508 421; x_wconf 74' lang='lat' dir='ltr'><strong>camporum</strong></span> <span class='ocrx_word' id='word_1_12' title='bbox 531 354 810 422; x_wconf 86' lang='lat' dir='ltr'><strong>complent,</strong></span> <span class='ocrx_word' id='word_1_13' title='bbox 834 353 961 407; x_wconf 84' lang='lat' dir='ltr'><strong>belli</strong></span> <span class='ocrx_word' id='word_1_14' title='bbox 979 355 1260 408; x_wconf 80' lang='lat' dir='ltr'><strong>simulacra</strong></span> <span class='ocrx_word' id='word_1_15' title='bbox 1283 356 1497 420; x_wconf 86' lang='lat' dir='ltr'><strong>cientes,</strong></span> 
     </span>
    </p>

    <p class='ocr_par' dir='ltr' id='par_1_4' title="bbox 185 421 1571 492">
     <span class='ocr_line' id='line_1_4' title="bbox 185 421 1571 492; baseline 0.004 -19"><span class='ocrx_word' id='word_1_16' title='bbox 185 421 397 489; x_wconf 85' lang='lat' dir='ltr'><strong>Fulgur</strong></span> <span class='ocrx_word' id='word_1_17' title='bbox 419 422 536 474; x_wconf 75' lang='lat' dir='ltr'><strong>ibis</strong></span> <span class='ocrx_word' id='word_1_18' title='bbox 557 422 626 475; x_wconf 90' lang='lat' dir='ltr'><strong>ad</strong></span> <span class='ocrx_word' id='word_1_19' title='bbox 651 422 843 475; x_wconf 84' lang='lat' dir='ltr'><strong>coelum</strong></span> <span class='ocrx_word' id='word_1_20' title='bbox 867 440 921 476; x_wconf 83' lang='lat' dir='ltr'><strong>se</strong></span> <span class='ocrx_word' id='word_1_21' title='bbox 944 423 1104 490; x_wconf 79' lang='lat' dir='ltr'><strong>tollit,</strong></span> <span class='ocrx_word' id='word_1_22' title='bbox 1128 430 1344 492; x_wconf 83' lang='lat' dir='ltr'><strong>totaque</strong></span> <span class='ocrx_word' id='word_1_23' title='bbox 1368 424 1571 478; x_wconf 80' lang='lat' dir='ltr'><strong>circum</strong></span> 
     </span>
    </p>

    <p class='ocr_par' dir='ltr' id='par_1_5' title="bbox 185 489 1402 560">
     <span class='ocr_line' id='line_1_5' title="bbox 185 489 1402 560; baseline 0.003 -19"><span class='ocrx_word' id='word_1_24' title='bbox 185 489 317 542; x_wconf 83' lang='lat' dir='ltr'><strong>AEre</strong></span> <span class='ocrx_word' id='word_1_25' title='bbox 339 491 622 545; x_wconf 70' lang='lat' dir='ltr'><strong>renidescit</strong></span> <span class='ocrx_word' id='word_1_26' title='bbox 643 491 818 559; x_wconf 81' lang='lat' dir='ltr'><strong>tellus,</strong></span> <span class='ocrx_word' id='word_1_27' title='bbox 842 491 1125 560; x_wconf 72' lang='lat' dir='ltr'><strong>subterque</strong></span> <span class='ocrx_word' id='word_1_28' title='bbox 1148 491 1321 546; x_wconf 72' lang='lat' dir='ltr'><strong>virfim</strong></span> <span class='ocrx_word' id='word_1_29' title='bbox 1346 493 1402 546; x_wconf 85' lang='lat' dir='ltr'><strong>vi</strong></span> 
     </span>
    </p>

    <p class='ocr_par' dir='ltr' id='par_1_6' title="bbox 186 558 1482 629">
     <span class='ocr_line' id='line_1_6' title="bbox 186 558 1482 629; baseline 0.003 -19"><span class='ocrx_word' id='word_1_30' title='bbox 186 558 415 611; x_wconf 84' lang='lat' dir='ltr'><strong>Excitur</strong></span> <span class='ocrx_word' id='word_1_31' title='bbox 439 559 660 628; x_wconf 85' lang='lat' dir='ltr'><strong>pedibus</strong></span> <span class='ocrx_word' id='word_1_32' title='bbox 684 561 899 628; x_wconf 82' lang='lat' dir='ltr'><strong>sonitus,</strong></span> <span class='ocrx_word' id='word_1_33' title='bbox 923 561 1253 629; x_wconf 80' lang='lat' dir='ltr'><strong>clamoreque</strong></span> <span class='ocrx_word' id='word_1_34' title='bbox 1276 566 1482 614; x_wconf 82' lang='lat' dir='ltr'><strong>montes</strong></span> 
     </span>
    </p>

    <p class='ocr_par' dir='ltr' id='par_1_7' title="bbox 187 627 1869 835">
     <span class='ocr_line' id='line_1_7' title="bbox 188 627 1869 696; baseline 0.004 -17"><span class='ocrx_word' id='word_1_35' title='bbox 188 627 297 679; x_wconf 88' lang='lat' dir='ltr'><strong>Icti</strong></span> <span class='ocrx_word' id='word_1_36' title='bbox 318 629 575 696; x_wconf 78' lang='lat' dir='ltr'><strong>rejectant</strong></span> <span class='ocrx_word' id='word_1_37' title='bbox 598 645 748 682; x_wconf 86' lang='lat' dir='ltr'><strong>voces</strong></span> <span class='ocrx_word' id='word_1_38' title='bbox 771 629 839 682; x_wconf 84' lang='lat' dir='ltr'><strong>ad</strong></span> <span class='ocrx_word' id='word_1_39' title='bbox 862 630 1033 682; x_wconf 75' lang='lat' dir='ltr'><strong>sidera</strong></span> <span class='ocrx_word' id='word_1_40' title='bbox 1055 630 1270 692; x_wconf 81' lang='lat' dir='ltr'><strong>mundi3</strong></span> <span class='ocrx_word' id='word_1_41' title='bbox 1764 634 1869 685; x_wconf 82' lang='lat'><strong>330</strong></span> 
     </span>
     <span class='ocr_line' id='line_1_8' title="bbox 187 695 1517 766; baseline 0.002 -19"><span class='ocrx_word' id='word_1_42' title='bbox 187 695 264 748; x_wconf 86' lang='lat' dir='ltr'><strong>Et</strong></span> <span class='ocrx_word' id='word_1_43' title='bbox 289 695 713 750; x_wconf 69' lang='lat' dir='ltr'><strong>circumvolitant</strong></span> <span class='ocrx_word' id='word_1_44' title='bbox 737 698 953 766; x_wconf 86' lang='lat' dir='ltr'><strong>equites,</strong></span> <span class='ocrx_word' id='word_1_45' title='bbox 976 697 1278 765; x_wconf 86' lang='lat' dir='ltr'><strong>mediosque</strong></span> <span class='ocrx_word' id='word_1_46' title='bbox 1300 703 1517 766; x_wconf 81' lang='lat' dir='ltr'><strong>repente</strong></span> 
     </span>
     <span class='ocr_line' id='line_1_9' title="bbox 188 764 1585 835; baseline 0.004 -20"><span class='ocrx_word' id='word_1_47' title='bbox 188 764 583 819; x_wconf 76' lang='lat' dir='ltr'><strong>Transmittunt</strong></span> <span class='ocrx_word' id='word_1_48' title='bbox 605 767 781 819; x_wconf 81' lang='lat' dir='ltr'><strong>valido</strong></span> <span class='ocrx_word' id='word_1_49' title='bbox 805 766 1105 833; x_wconf 68' lang='lat' dir='ltr'><strong>quatientes</strong></span> <span class='ocrx_word' id='word_1_50' title='bbox 1128 766 1324 834; x_wconf 85' lang='lat' dir='ltr'><strong>impete</strong></span> <span class='ocrx_word' id='word_1_51' title='bbox 1345 784 1585 835; x_wconf 86' lang='lat' dir='ltr'><strong>campos:</strong></span> 
     </span>
    </p>

    <p class='ocr_par' dir='ltr' id='par_1_8' title="bbox 188 832 1594 902">
     <span class='ocr_line' id='line_1_10' title="bbox 188 832 1594 902; baseline 0.001 -17"><span class='ocrx_word' id='word_1_52' title='bbox 188 832 263 885; x_wconf 87' lang='lat' dir='ltr'><strong>Et</strong></span> <span class='ocrx_word' id='word_1_53' title='bbox 289 839 468 886; x_wconf 82' lang='lat' dir='ltr'><strong>tamen</strong></span> <span class='ocrx_word' id='word_1_54' title='bbox 491 841 570 887; x_wconf 88' lang='lat' dir='ltr'><strong>est</strong></span> <span class='ocrx_word' id='word_1_55' title='bbox 590 834 812 902; x_wconf 80' lang='lat' dir='ltr'><strong>quidam</strong></span> <span class='ocrx_word' id='word_1_56' title='bbox 835 834 979 887; x_wconf 84' lang='lat' dir='ltr'><strong>locus</strong></span> <span class='ocrx_word' id='word_1_57' title='bbox 999 834 1128 887; x_wconf 78' lang='lat' dir='ltr'><strong>altis</strong></span> <span class='ocrx_word' id='word_1_58' title='bbox 1150 834 1428 902; x_wconf 86' lang='lat' dir='ltr'><strong>montibus,</strong></span> <span class='ocrx_word' id='word_1_59' title='bbox 1453 836 1594 888; x_wconf 87' lang='lat' dir='ltr'><strong>unde</strong></span> 
     </span>
    </p>

    <p class='ocr_par' dir='ltr' id='par_1_9' title="bbox 189 901 1535 972">
     <span class='ocr_line' id='line_1_11' title="bbox 189 901 1535 972; baseline 0.003 -18"><span class='ocrx_word' id='word_1_60' title='bbox 189 901 344 954; x_wconf 85' lang='lat' dir='ltr'><strong>Stare</strong></span> <span class='ocrx_word' id='word_1_61' title='bbox 368 903 631 971; x_wconf 84' lang='lat' dir='ltr'><strong>videntur,</strong></span> <span class='ocrx_word' id='word_1_62' title='bbox 656 910 711 956; x_wconf 87' lang='lat' dir='ltr'><strong>et</strong></span> <span class='ocrx_word' id='word_1_63' title='bbox 733 904 792 955; x_wconf 92' lang='lat' dir='ltr'><strong>in</strong></span> <span class='ocrx_word' id='word_1_64' title='bbox 815 904 1014 972; x_wconf 84' lang='lat' dir='ltr'><strong>campis</strong></span> <span class='ocrx_word' id='word_1_65' title='bbox 1038 903 1318 957; x_wconf 75' lang='lat' dir='ltr'><strong>consistere</strong></span> <span class='ocrx_word' id='word_1_66' title='bbox 1340 904 1535 971; x_wconf 84' lang='lat' dir='ltr'><strong>fulgur.</strong></span> 
     </span>
    </p>
   </div>
   <div class='ocr_carea' id='block_1_3' title="bbox 717 1020 1321 1092">
    <p class='ocr_par' dir='ltr' id='par_1_10' title="bbox 717 1020 1321 1092">
     <span class='ocr_line' id='line_1_12' title="bbox 717 1020 1321 1092; baseline 0 -18"><span class='ocrx_word' id='word_1_67' title='bbox 717 1020 991 1092; x_wconf 77' lang='lat' dir='ltr'><strong>Deflyura</strong></span> <span class='ocrx_word' id='word_1_68' title='bbox 1014 1029 1321 1075; x_wconf 64' lang='lat' dir='ltr'><strong>alomonam.</strong></span> 
     </span>
    </p>
   </div>
   <div class='ocr_carea' id='block_1_4' title="bbox 158 1105 1873 2750">
    <p class='ocr_par' dir='ltr' id='par_1_11' title="bbox 158 1105 1872 1727">
     <span class='ocr_line' id='line_1_13' title="bbox 262 1105 1739 1175; baseline 0.002 -18"><span class='ocrx_word' id='word_1_69' title='bbox 262 1105 419 1158; x_wconf 82' lang='lat' dir='ltr'><strong>Nunc</strong></span> <span class='ocrx_word' id='word_1_70' title='bbox 440 1124 553 1174; x_wconf 84' lang='lat' dir='ltr'><strong>age,</strong></span> <span class='ocrx_word' id='word_1_71' title='bbox 570 1109 686 1175; x_wconf 83' lang='lat' dir='ltr'><strong>jam</strong></span> <span class='ocrx_word' id='word_1_72' title='bbox 709 1107 953 1175; x_wconf 81' lang='lat' dir='ltr'><strong>deinceps</strong></span> <span class='ocrx_word' id='word_1_73' title='bbox 976 1111 1290 1159; x_wconf 79' lang='lat' dir='ltr'><strong>cunctarum</strong></span> <span class='ocrx_word' id='word_1_74' title='bbox 1312 1107 1530 1160; x_wconf 81' lang='lat' dir='ltr'><strong>exordia</strong></span> <span class='ocrx_word' id='word_1_75' title='bbox 1549 1125 1739 1174; x_wconf 85' lang='lat' dir='ltr'><strong>rerum,</strong></span> 
     </span>
     <span class='ocr_line' id='line_1_14' title="bbox 193 1174 1468 1244; baseline 0.002 -18"><span class='ocrx_word' id='word_1_76' title='bbox 193 1174 386 1238; x_wconf 81' lang='lat' dir='ltr'><strong>Qualia</strong></span> <span class='ocrx_word' id='word_1_77' title='bbox 409 1175 530 1243; x_wconf 84' lang='lat' dir='ltr'><strong>sint,</strong></span> <span class='ocrx_word' id='word_1_78' title='bbox 555 1181 610 1227; x_wconf 92' lang='lat' dir='ltr'><strong>et</strong></span> <span class='ocrx_word' id='word_1_79' title='bbox 633 1193 794 1244; x_wconf 83' lang='lat' dir='ltr'><strong>quam</strong></span> <span class='ocrx_word' id='word_1_80' title='bbox 816 1175 972 1242; x_wconf 84' lang='lat' dir='ltr'><strong>longe</strong></span> <span class='ocrx_word' id='word_1_81' title='bbox 996 1175 1251 1228; x_wconf 78' lang='lat' dir='ltr'><strong>distantia</strong></span> <span class='ocrx_word' id='word_1_82' title='bbox 1273 1176 1468 1241; x_wconf 87' lang='lat' dir='ltr'><strong>formis,</strong></span> 
     </span>
     <span class='ocr_line' id='line_1_15' title="bbox 192 1243 1570 1312; baseline 0.002 -18"><span class='ocrx_word' id='word_1_83' title='bbox 192 1243 414 1312; x_wconf 84' lang='lat' dir='ltr'><strong>Percipe</strong></span> <span class='ocrx_word' id='word_1_84' title='bbox 435 1262 448 1307; x_wconf 93' lang='lat'>;</span> <span class='ocrx_word' id='word_1_85' title='bbox 482 1244 792 1311; x_wconf 82' lang='lat' dir='ltr'><strong>multigenis</strong></span> <span class='ocrx_word' id='word_1_86' title='bbox 816 1261 981 1312; x_wconf 81' lang='lat' dir='ltr'><strong>quam</strong></span> <span class='ocrx_word' id='word_1_87' title='bbox 1000 1244 1108 1297; x_wconf 84' lang='lat' dir='ltr'><strong>sint</strong></span> <span class='ocrx_word' id='word_1_88' title='bbox 1133 1244 1337 1297; x_wconf 79' lang='lat' dir='ltr'><strong>variata</strong></span> <span class='ocrx_word' id='word_1_89' title='bbox 1359 1245 1570 1312; x_wconf 81' lang='lat' dir='ltr'><strong>figuris:</strong></span> 
     </span>
     <span class='ocr_line' id='line_1_16' title="bbox 192 1311 1619 1381; baseline 0.001 -17"><span class='ocrx_word' id='word_1_90' title='bbox 192 1311 314 1364; x_wconf 80' lang='lat' dir='ltr'><strong>Non</strong></span> <span class='ocrx_word' id='word_1_91' title='bbox 335 1330 444 1381; x_wconf 88' lang='lat' dir='ltr'><strong>quo</strong></span> <span class='ocrx_word' id='word_1_92' title='bbox 466 1313 639 1366; x_wconf 85' lang='lat' dir='ltr'><strong>multa</strong></span> <span class='ocrx_word' id='word_1_93' title='bbox 698 1329 850 1365; x_wconf 86' lang='lat' dir='ltr'><strong>arum</strong></span> <span class='ocrx_word' id='word_1_94' title='bbox 874 1313 1035 1365; x_wconf 81' lang='lat' dir='ltr'><strong>simili</strong></span> <span class='ocrx_word' id='word_1_95' title='bbox 1060 1313 1168 1366; x_wconf 89' lang='lat' dir='ltr'><strong>sint</strong></span> <span class='ocrx_word' id='word_1_96' title='bbox 1191 1313 1415 1381; x_wconf 82' lang='lat' dir='ltr'><strong>praedita</strong></span> <span class='ocrx_word' id='word_1_97' title='bbox 1436 1315 1619 1380; x_wconf 79' lang='lat' dir='ltr'><strong>foma,</strong></span> 
     </span>
     <span class='ocr_line' id='line_1_17' title="bbox 192 1381 1675 1450; baseline 0.001 -17"><span class='ocrx_word' id='word_1_98' title='bbox 192 1381 299 1433; x_wconf 85' lang='lat' dir='ltr'><strong>Sed</strong></span> <span class='ocrx_word' id='word_1_99' title='bbox 323 1382 447 1448; x_wconf 86' lang='lat' dir='ltr'><strong>quia</strong></span> <span class='ocrx_word' id='word_1_100' title='bbox 470 1399 576 1434; x_wconf 89' lang='lat' dir='ltr'><strong>non</strong></span> <span class='ocrx_word' id='word_1_101' title='bbox 600 1399 668 1434; x_wconf 92' lang='lat' dir='ltr'><strong>vu</strong></span> <span class='ocrx_word' id='word_1_102' title='bbox 692 1398 759 1448; x_wconf 82' lang='lat' dir='ltr'><strong>go</strong></span> <span class='ocrx_word' id='word_1_103' title='bbox 782 1382 933 1450; x_wconf 81' lang='lat' dir='ltr'><strong>paria</strong></span> <span class='ocrx_word' id='word_1_104' title='bbox 955 1383 1198 1435; x_wconf 84' lang='lat' dir='ltr'><strong>omnibus</strong></span> <span class='ocrx_word' id='word_1_105' title='bbox 1220 1383 1396 1435; x_wconf 86' lang='lat' dir='ltr'><strong>omnia</strong></span> <span class='ocrx_word' id='word_1_106' title='bbox 1419 1387 1675 1436; x_wconf 79' lang='lat' dir='ltr'><strong>constant.</strong></span> 
     </span>
     <span class='ocr_line' id='line_1_18' title="bbox 158 1448 1560 1520; baseline 0.002 -18"><span class='ocrx_word' id='word_1_107' title='bbox 158 1486 167 1493; x_wconf 76' lang='lat'><em>-</em></span> <span class='ocrx_word' id='word_1_108' title='bbox 192 1448 246 1502; x_wconf 86' lang='lat' dir='ltr'>N</span> <span class='ocrx_word' id='word_1_109' title='bbox 247 1466 306 1503; x_wconf 85' lang='lat' dir='ltr'><strong>ec</strong></span> <span class='ocrx_word' id='word_1_110' title='bbox 329 1451 548 1504; x_wconf 86' lang='lat' dir='ltr'><strong>mirum:</strong></span> <span class='ocrx_word' id='word_1_111' title='bbox 584 1467 711 1505; x_wconf 85' lang='lat' dir='ltr'><strong>nam</strong></span> <span class='ocrx_word' id='word_1_112' title='bbox 734 1466 900 1519; x_wconf 87' lang='lat' dir='ltr'><strong>quum</strong></span> <span class='ocrx_word' id='word_1_113' title='bbox 924 1451 995 1504; x_wconf 89' lang='lat' dir='ltr'><strong>sit</strong></span> <span class='ocrx_word' id='word_1_114' title='bbox 1017 1467 1197 1505; x_wconf 86' lang='lat' dir='ltr'><strong>eorum</strong></span> <span class='ocrx_word' id='word_1_115' title='bbox 1220 1452 1370 1520; x_wconf 81' lang='lat' dir='ltr'><strong>copia</strong></span> <span class='ocrx_word' id='word_1_116' title='bbox 1393 1457 1560 1519; x_wconf 79' lang='lat' dir='ltr'><strong>tanta,</strong></span> 
     </span>
     <span class='ocr_line' id='line_1_19' title="bbox 193 1520 1604 1588; baseline 0.001 -17"><span class='ocrx_word' id='word_1_117' title='bbox 193 1520 271 1572; x_wconf 87' lang='lat' dir='ltr'><strong>Ut</strong></span> <span class='ocrx_word' id='word_1_118' title='bbox 294 1537 465 1587; x_wconf 82' lang='lat' dir='ltr'><strong>neque</strong></span> <span class='ocrx_word' id='word_1_119' title='bbox 488 1521 623 1586; x_wconf 89' lang='lat' dir='ltr'><strong>finis,</strong></span> <span class='ocrx_word' id='word_1_120' title='bbox 647 1521 732 1573; x_wconf 84' lang='lat' dir='ltr'><strong>uti</strong></span> <span class='ocrx_word' id='word_1_121' title='bbox 755 1521 925 1587; x_wconf 78' lang='lat' dir='ltr'><strong>docui,</strong></span> <span class='ocrx_word' id='word_1_122' title='bbox 950 1537 1120 1588; x_wconf 86' lang='lat' dir='ltr'><strong>neque</strong></span> <span class='ocrx_word' id='word_1_123' title='bbox 1144 1537 1348 1574; x_wconf 85' lang='lat' dir='ltr'><strong>summa</strong></span> <span class='ocrx_word' id='word_1_124' title='bbox 1372 1520 1443 1572; x_wconf 89' lang='lat' dir='ltr'><strong>sit</strong></span> <span class='ocrx_word' id='word_1_125' title='bbox 1467 1521 1604 1573; x_wconf 81' lang='lat' dir='ltr'><strong>ulla:</strong></span> 
     </span>
     <span class='ocr_line' id='line_1_20' title="bbox 193 1587 1872 1657; baseline -0.001 -16"><span class='ocrx_word' id='word_1_126' title='bbox 193 1588 403 1641; x_wconf 88' lang='lat' dir='ltr'><strong>Debent</strong></span> <span class='ocrx_word' id='word_1_127' title='bbox 424 1589 675 1642; x_wconf 82' lang='lat' dir='ltr'><strong>nimirum</strong></span> <span class='ocrx_word' id='word_1_128' title='bbox 697 1605 804 1641; x_wconf 88' lang='lat' dir='ltr'><strong>non</strong></span> <span class='ocrx_word' id='word_1_129' title='bbox 827 1587 1069 1642; x_wconf 87' lang='lat' dir='ltr'><strong>omnibus</strong></span> <span class='ocrx_word' id='word_1_130' title='bbox 1093 1590 1270 1642; x_wconf 86' lang='lat' dir='ltr'><strong>omnia</strong></span> <span class='ocrx_word' id='word_1_131' title='bbox 1291 1605 1529 1657; x_wconf 84' lang='lat' dir='ltr'><strong>prorsum</strong></span> <span class='ocrx_word' id='word_1_132' title='bbox 1768 1592 1872 1641; x_wconf 77' lang='lat'><strong>340</strong></span> 
     </span>
     <span class='ocr_line' id='line_1_21' title="bbox 194 1657 1279 1727; baseline 0.001 -17"><span class='ocrx_word' id='word_1_133' title='bbox 194 1657 322 1710; x_wconf 84' lang='lat' dir='ltr'><strong>Esse</strong></span> <span class='ocrx_word' id='word_1_134' title='bbox 344 1659 460 1727; x_wconf 87' lang='lat' dir='ltr'><strong>pari</strong></span> <span class='ocrx_word' id='word_1_135' title='bbox 482 1658 571 1710; x_wconf 90' lang='lat' dir='ltr'><strong>filo</strong></span> <span class='ocrx_word' id='word_1_136' title='bbox 595 1658 859 1725; x_wconf 75' lang='lat' dir='ltr'><strong>similique</strong></span> <span class='ocrx_word' id='word_1_137' title='bbox 881 1658 1074 1711; x_wconf 85' lang='lat' dir='ltr'><strong>affecta</strong></span> <span class='ocrx_word' id='word_1_138' title='bbox 1093 1658 1279 1726; x_wconf 74' lang='lat' dir='ltr'><strong>figura.</strong></span> 
     </span>
    </p>

    <p class='ocr_par' dir='ltr' id='par_1_12' title="bbox 193 1727 1873 2686">
     <span class='ocr_line' id='line_1_22' title="bbox 265 1727 1604 1795; baseline -0.001 -15"><span class='ocrx_word' id='word_1_139' title='bbox 265 1727 527 1781; x_wconf 74' lang='lat' dir='ltr'><strong>Praeterea</strong></span> <span class='ocrx_word' id='word_1_140' title='bbox 546 1744 714 1795; x_wconf 83' lang='lat' dir='ltr'><strong>genus</strong></span> <span class='ocrx_word' id='word_1_141' title='bbox 737 1727 1045 1794; x_wconf 88' lang='lat' dir='ltr'><strong>humanum,</strong></span> <span class='ocrx_word' id='word_1_142' title='bbox 1068 1733 1334 1794; x_wconf 83' lang='lat' dir='ltr'><strong>mutaeque</strong></span> <span class='ocrx_word' id='word_1_143' title='bbox 1356 1731 1604 1779; x_wconf 83' lang='lat' dir='ltr'><strong>natantes</strong></span> 
     </span>
     <span class='ocr_line' id='line_1_23' title="bbox 195 1795 1611 1864; baseline 0 -16"><span class='ocrx_word' id='word_1_144' title='bbox 195 1795 596 1864; x_wconf 74' lang='lat' dir='ltr'><strong>squamigerum</strong></span> <span class='ocrx_word' id='word_1_145' title='bbox 618 1796 859 1864; x_wconf 85' lang='lat' dir='ltr'><strong>pecudes,</strong></span> <span class='ocrx_word' id='word_1_146' title='bbox 883 1802 938 1848; x_wconf 89' lang='lat' dir='ltr'><strong>et</strong></span> <span class='ocrx_word' id='word_1_147' title='bbox 961 1796 1087 1849; x_wconf 77' lang='lat' dir='ltr'><strong>laeta</strong></span> <span class='ocrx_word' id='word_1_148' title='bbox 1109 1802 1348 1849; x_wconf 86' lang='lat' dir='ltr'><strong>armenta</strong></span> <span class='ocrx_word' id='word_1_149' title='bbox 1370 1796 1611 1863; x_wconf 70' lang='lat' dir='ltr'><strong>feraeque,</strong></span> 
     </span>
     <span class='ocr_line' id='line_1_24' title="bbox 193 1864 1539 1933; baseline 0 -16"><span class='ocrx_word' id='word_1_150' title='bbox 193 1864 266 1917; x_wconf 89' lang='lat' dir='ltr'><strong>Et</strong></span> <span class='ocrx_word' id='word_1_151' title='bbox 288 1864 448 1917; x_wconf 77' lang='lat' dir='ltr'><strong>variae</strong></span> <span class='ocrx_word' id='word_1_152' title='bbox 471 1864 722 1932; x_wconf 74' lang='lat' dir='ltr'><strong>volucr-03,</strong></span> <span class='ocrx_word' id='word_1_153' title='bbox 744 1866 983 1917; x_wconf 78' lang='lat' dir='ltr'><strong>laetantia</strong></span> <span class='ocrx_word' id='word_1_154' title='bbox 1006 1882 1119 1932; x_wconf 82' lang='lat' dir='ltr'><strong>quae</strong></span> <span class='ocrx_word' id='word_1_155' title='bbox 1144 1865 1258 1917; x_wconf 86' lang='lat' dir='ltr'><strong>loca</strong></span> <span class='ocrx_word' id='word_1_156' title='bbox 1281 1881 1539 1933; x_wconf 83' lang='lat' dir='ltr'><strong>aquarum</strong></span> 
     </span>
     <span class='ocr_line' id='line_1_25' title="bbox 196 1933 1560 2002; baseline 0 -17"><span class='ocrx_word' id='word_1_157' title='bbox 196 1933 578 1987; x_wconf 82' lang='lat' dir='ltr'><strong>Concelebrant</strong></span> <span class='ocrx_word' id='word_1_158' title='bbox 602 1935 798 1986; x_wconf 91' lang='lat' dir='ltr'><strong>circum</strong></span> <span class='ocrx_word' id='word_1_159' title='bbox 819 1934 962 2002; x_wconf 85' lang='lat' dir='ltr'><strong>ripas</strong></span> <span class='ocrx_word' id='word_1_160' title='bbox 984 1934 1260 2001; x_wconf 86' lang='lat' dir='ltr'><strong>fontesque</strong></span> <span class='ocrx_word' id='word_1_161' title='bbox 1282 1934 1560 2001; x_wconf 80' lang='lat' dir='ltr'><strong>lacusque3</strong></span> 
     </span>
     <span class='ocr_line' id='line_1_26' title="bbox 193 2002 1547 2071; baseline 0 -17"><span class='ocrx_word' id='word_1_162' title='bbox 193 2002 266 2055; x_wconf 85' lang='lat' dir='ltr'><strong>Et</strong></span> <span class='ocrx_word' id='word_1_163' title='bbox 290 2019 406 2070; x_wconf 83' lang='lat' dir='ltr'><strong>quoe</strong></span> <span class='ocrx_word' id='word_1_164' title='bbox 428 2002 745 2071; x_wconf 81' lang='lat' dir='ltr'><strong>pervulgant</strong></span> <span class='ocrx_word' id='word_1_165' title='bbox 766 2019 983 2056; x_wconf 79' lang='lat' dir='ltr'><strong>nemora</strong></span> <span class='ocrx_word' id='word_1_166' title='bbox 1003 2004 1126 2057; x_wconf 79' lang='lat' dir='ltr'><strong>avia</strong></span> <span class='ocrx_word' id='word_1_167' title='bbox 1146 2003 1547 2070; x_wconf 68' lang='lat' dir='ltr'><strong>pervolitantes3</strong></span> 
     </span>
     <span class='ocr_line' id='line_1_27' title="bbox 196 2071 1591 2139; baseline 0.001 -16"><span class='ocrx_word' id='word_1_168' title='bbox 196 2071 429 2135; x_wconf 85' lang='lat' dir='ltr'><strong>Quorum</strong></span> <span class='ocrx_word' id='word_1_169' title='bbox 453 2072 841 2139; x_wconf 82' lang='lat' dir='ltr'><strong>unumquodvis</strong></span> <span class='ocrx_word' id='word_1_170' title='bbox 865 2073 1156 2139; x_wconf 79' lang='lat' dir='ltr'><strong>generatim</strong></span> <span class='ocrx_word' id='word_1_171' title='bbox 1182 2088 1382 2124; x_wconf 80' lang='lat' dir='ltr'><strong>sumere</strong></span> <span class='ocrx_word' id='word_1_172' title='bbox 1405 2088 1591 2139; x_wconf 66' lang='lat' dir='ltr'><strong>perget</strong></span> 
     </span>
     <span class='ocr_line' id='line_1_28' title="bbox 197 2140 1320 2208; baseline 0.001 -17"><span class='ocrx_word' id='word_1_173' title='bbox 197 2140 440 2192; x_wconf 86' lang='lat' dir='ltr'><strong>Invenies</strong></span> <span class='ocrx_word' id='word_1_174' title='bbox 465 2146 643 2192; x_wconf 82' lang='lat' dir='ltr'><strong>tamen</strong></span> <span class='ocrx_word' id='word_1_175' title='bbox 664 2141 805 2193; x_wconf 83' lang='lat' dir='ltr'><strong>inter</strong></span> <span class='ocrx_word' id='word_1_176' title='bbox 828 2158 881 2192; x_wconf 85' lang='lat' dir='ltr'><strong>se</strong></span> <span class='ocrx_word' id='word_1_177' title='bbox 905 2140 1101 2193; x_wconf 82' lang='lat' dir='ltr'><strong>distare</strong></span> <span class='ocrx_word' id='word_1_178' title='bbox 1124 2141 1320 2208; x_wconf 77' lang='lat' dir='ltr'><strong>figuris.</strong></span> 
     </span>
     <span class='ocr_line' id='line_1_29' title="bbox 196 2208 1446 2278; baseline 0.001 -18"><span class='ocrx_word' id='word_1_179' title='bbox 196 2208 250 2261; x_wconf 87' lang='lat' dir='ltr'>N</span> <span class='ocrx_word' id='word_1_180' title='bbox 250 2225 309 2261; x_wconf 91' lang='lat' dir='ltr'><strong>ec</strong></span> <span class='ocrx_word' id='word_1_181' title='bbox 330 2208 533 2261; x_wconf 83' lang='lat' dir='ltr'><strong>ratione</strong></span> <span class='ocrx_word' id='word_1_182' title='bbox 556 2209 665 2262; x_wconf 81' lang='lat' dir='ltr'><strong>alia</strong></span> <span class='ocrx_word' id='word_1_183' title='bbox 685 2210 854 2278; x_wconf 84' lang='lat' dir='ltr'><strong>proles</strong></span> <span class='ocrx_word' id='word_1_184' title='bbox 878 2226 1186 2276; x_wconf 80' lang='lat' dir='ltr'><strong>cognoscere</strong></span> <span class='ocrx_word' id='word_1_185' title='bbox 1209 2215 1446 2275; x_wconf 76' lang='lat' dir='ltr'><strong>matrem,</strong></span> 
     </span>
     <span class='ocr_line' id='line_1_30' title="bbox 195 2276 1873 2346; baseline -0.001 -17"><span class='ocrx_word' id='word_1_186' title='bbox 195 2276 308 2329; x_wconf 87' lang='lat' dir='ltr'><strong>Nec</strong></span> <span class='ocrx_word' id='word_1_187' title='bbox 330 2284 500 2330; x_wconf 84' lang='lat' dir='ltr'><strong>mater</strong></span> <span class='ocrx_word' id='word_1_188' title='bbox 521 2284 695 2346; x_wconf 88' lang='lat' dir='ltr'><strong>posset</strong></span> <span class='ocrx_word' id='word_1_189' title='bbox 718 2278 949 2346; x_wconf 71' lang='lat' dir='ltr'><strong>prolem:</strong></span> <span class='ocrx_word' id='word_1_190' title='bbox 983 2278 1125 2345; x_wconf 91' lang='lat' dir='ltr'><strong>quod</strong></span> <span class='ocrx_word' id='word_1_191' title='bbox 1148 2295 1295 2345; x_wconf 82' lang='lat' dir='ltr'><strong>posse</strong></span> <span class='ocrx_word' id='word_1_192' title='bbox 1319 2278 1571 2344; x_wconf 86' lang='lat' dir='ltr'><strong>videmus,</strong></span> <span class='ocrx_word' id='word_1_193' title='bbox 1767 2279 1873 2328; x_wconf 82' lang='lat'><strong>350</strong></span> 
     </span>
     <span class='ocr_line' id='line_1_31' title="bbox 198 2346 1555 2413; baseline 0.001 -15"><span class='ocrx_word' id='word_1_194' title='bbox 198 2346 308 2398; x_wconf 88' lang='lat' dir='ltr'><strong>Nec</strong></span> <span class='ocrx_word' id='word_1_195' title='bbox 331 2346 509 2400; x_wconf 76' lang='lat' dir='ltr'><strong>minus</strong></span> <span class='ocrx_word' id='word_1_196' title='bbox 529 2353 692 2413; x_wconf 79' lang='lat' dir='ltr'><strong>atque</strong></span> <span class='ocrx_word' id='word_1_197' title='bbox 715 2347 953 2399; x_wconf 84' lang='lat' dir='ltr'><strong>homines</strong></span> <span class='ocrx_word' id='word_1_198' title='bbox 975 2347 1122 2399; x_wconf 72' lang='lat' dir='ltr'><strong>inter</strong></span> <span class='ocrx_word' id='word_1_199' title='bbox 1138 2362 1196 2398; x_wconf 83' lang='lat' dir='ltr'><strong>se</strong></span> <span class='ocrx_word' id='word_1_200' title='bbox 1218 2352 1347 2400; x_wconf 78' lang='lat' dir='ltr'><strong>nota</strong></span> <span class='ocrx_word' id='word_1_201' title='bbox 1369 2347 1555 2399; x_wconf 70' lang='lat' dir='ltr'><strong>cluere.</strong></span> 
     </span>
     <span class='ocr_line' id='line_1_32' title="bbox 197 2412 1501 2485; baseline 0 -19"><span class='ocrx_word' id='word_1_202' title='bbox 197 2414 336 2466; x_wconf 85' lang='lat' dir='ltr'><strong>Nam</strong></span> <span class='ocrx_word' id='word_1_203' title='bbox 360 2431 493 2485; x_wconf 84' lang='lat' dir='ltr'><strong>saepe</strong></span> <span class='ocrx_word' id='word_1_204' title='bbox 517 2421 643 2467; x_wconf 82' lang='lat' dir='ltr'><strong>ante</strong></span> <span class='ocrx_word' id='word_1_205' title='bbox 668 2415 826 2468; x_wconf 75' lang='lat' dir='ltr'><strong>desim</strong></span> <span class='ocrx_word' id='word_1_206' title='bbox 849 2414 1052 2467; x_wconf 79' lang='lat' dir='ltr'><strong>vitulus</strong></span> <span class='ocrx_word' id='word_1_207' title='bbox 1072 2412 1296 2468; x_wconf 82' lang='lat' dir='ltr'><strong>delubra</strong></span> <span class='ocrx_word' id='word_1_208' title='bbox 1315 2413 1501 2467; x_wconf 79' lang='lat' dir='ltr'><strong>decora</strong></span> 
     </span>
     <span class='ocr_line' id='line_1_33' title="bbox 198 2481 1456 2551; baseline 0.001 -17"><span class='ocrx_word' id='word_1_209' title='bbox 198 2483 522 2537; x_wconf 79' lang='lat' dir='ltr'><strong>Turicremas</strong></span> <span class='ocrx_word' id='word_1_210' title='bbox 545 2490 762 2551; x_wconf 86' lang='lat' dir='ltr'><strong>propter</strong></span> <span class='ocrx_word' id='word_1_211' title='bbox 783 2488 1050 2536; x_wconf 85' lang='lat' dir='ltr'><strong>mactatus</strong></span> <span class='ocrx_word' id='word_1_212' title='bbox 1074 2481 1302 2537; x_wconf 87' lang='lat' dir='ltr'><strong>concidit</strong></span> <span class='ocrx_word' id='word_1_213' title='bbox 1326 2499 1456 2547; x_wconf 71' lang='lat' dir='ltr'><strong>aras,</strong></span> 
     </span>
     <span class='ocr_line' id='line_1_34' title="bbox 197 2550 1597 2620; baseline -0.004 -16"><span class='ocrx_word' id='word_1_214' title='bbox 197 2550 479 2620; x_wconf 77' lang='lat' dir='ltr'><strong>Sanguinis</strong></span> <span class='ocrx_word' id='word_1_215' title='bbox 503 2552 1030 2620; x_wconf 83' lang='lat' dir='ltr'><strong>exspirans·calidum</strong></span> <span class='ocrx_word' id='word_1_216' title='bbox 1055 2552 1120 2603; x_wconf 90' lang='lat' dir='ltr'><strong>de</strong></span> <span class='ocrx_word' id='word_1_217' title='bbox 1143 2557 1352 2619; x_wconf 88' lang='lat' dir='ltr'><strong>pectore</strong></span> <span class='ocrx_word' id='word_1_218' title='bbox 1374 2551 1597 2601; x_wconf 84' lang='lat' dir='ltr'><strong>flumen:</strong></span> 
     </span>
     <span class='ocr_line' id='line_1_35' title="bbox 197 2620 1398 2686; baseline -0.003 -12"><span class='ocrx_word' id='word_1_219' title='bbox 197 2621 271 2674; x_wconf 87' lang='lat' dir='ltr'><strong>At</strong></span> <span class='ocrx_word' id='word_1_220' title='bbox 294 2627 466 2674; x_wconf 88' lang='lat' dir='ltr'><strong>mater</strong></span> <span class='ocrx_word' id='word_1_221' title='bbox 489 2621 681 2674; x_wconf 82' lang='lat' dir='ltr'><strong>virides</strong></span> <span class='ocrx_word' id='word_1_222' title='bbox 706 2620 875 2674; x_wconf 78' lang='lat' dir='ltr'><strong>saltus</strong></span> <span class='ocrx_word' id='word_1_223' title='bbox 895 2620 1079 2672; x_wconf 79' lang='lat' dir='ltr'><strong>orbata</strong></span> <span class='ocrx_word' id='word_1_224' title='bbox 1102 2635 1398 2686; x_wconf 77' lang='lat' dir='ltr'><strong>peragrans,</strong></span> 
     </span>
    </p>

    <p class='ocr_par' dir='ltr' id='par_1_13' title="bbox 899 2703 1173 2750">
     <span class='ocr_line' id='line_1_36' title="bbox 899 2703 1173 2750; baseline 0.007 -10"><span class='ocrx_word' id='word_1_225' title='bbox 899 2712 923 2740; x_wconf 71' lang='lat' dir='ltr'>t</span> <span class='ocrx_word' id='word_1_226' title='bbox 949 2705 1045 2750; x_wconf 73' lang='lat' dir='ltr'><strong>ubi3</strong></span> <span class='ocrx_word' id='word_1_227' title='bbox 1076 2703 1173 2742; x_wconf 79' lang='lat' dir='ltr'><strong>Me.</strong></span> 
     </span>
    </p>
   </div>
  </div>
 </body>
</html>
