2084 3000
217 200 318 251 158
825 196 883 247 ¹1¹.
920 193 1256 247 LUORETII

215 306 576 360 Constiterant
598 305 803 372 imbres,
827 311 881 358 et
904 305 1126 357 flumina
1149 305 1258 356 vim
1280 305 1604 357 minuerunt.

283 375 387 430 Sed
410 375 598 457 quibus
621 375 712 428 ille
734 374 902 426 modis
925 376 1193 443 conjectus
1216 374 1459 426 materiai

215 443 476 497 Fundant
499 450 693 497 terram
716 449 771 495 et
794 443 984 495 coslum
1008 442 1263 512 pontique
1288 442 1571 511 profunda,

213 512 363 580 Solis,
386 513 538 565 lunai
564 528 762 580 cursus,
786 528 854 565 cx
878 511 1060 564 ordine
1083 527 1291 580 ponam.

685 626 844 698 Origo
869 624 1063 680 mundi
1084 635 1130 679 et
1152 626 1406 679 omnium.

281 714 423 767 Nam
444 717 584 767 certe
605 730 776 782 neque
799 712 1013 767 consilio
1037 711 1323 780 primordia
1344 727 1519 763 rerum

159 798 167 804 ·
215 782 411 838 Ordine
433 800 488 837 se
511 800 605 836 suo
628 799 851 852 quaeque
874 782 1051 849 sagaci
1072 786 1251 833 mente
1272 780 1515 833 locarunt
1536 799 1551 843 ;

212 852 326 905 Nec
349 870 478 922 quos
501 868 721 923 quaeque
745 851 933 904 darent
956 855 1130 902 motus
1154 849 1399 919 pepigere
1423 849 1686 916 profecto:

213 920 317 975 Sed
340 922 466 991 quia.
486 921 658 974 multa
681 921 850 973 modis
872 919 1057 971 multis
1080 918 1367 987 primordia
1389 934 1580 984 rerum,

213 989 299 1043 Ex
321 990 530 1042 infinito
546 991 663 1057 jem
685 995 920 1056 tempore
943 989 1147 1055 percita.
1167 987 1354 1056 plagis,

212 1058 638 1125 Ponderibusque
661 1057 770 1108 suis
793 1062 1115 1109 consuerunt
1138 1056 1344 1109 concita
1364 1054 1506 1120 ferri,

214 1126 641 1193 omnimodisque
664 1124 816 1193 coire,
840 1131 1002 1193 atque
1025 1125 1203 1179 omnia
1225 1130 1540 1193 pertentare,

213 1194 574 1263 Quaecumque
596 1194 738 1247 inter
760 1210 815 1247 se
838 1199 1052 1262 possent
1076 1210 1353 1261 congressa
1374 1209 1581 1257 creare3

211 1263 495 1333 Propterea.
515 1263 594 1330 fit,
616 1263 701 1316 uti
723 1279 977 1331 magnum
1001 1262 1222 1330 vulgata
1244 1279 1338 1331 per
1359 1278 1531 1316 aevum

214 1333 531 1401 omnigenos
555 1339 718 1387 coetus
742 1339 797 1385 et
818 1338 994 1385 motus
1017 1331 1349 1400 experiendo,

209 1402 447 1456 Tandem
469 1402 786 1455 conveniant
809 1418 885 1470 ea,
910 1418 1031 1469 quae
1056 1405 1319 1454 conventa
1339 1404 1558 1468 repente

215 1471 537 1541 Magnarum
558 1488 732 1526 rerum
752 1470 893 1524 fiunt
916 1469 1133 1523 exordia
1155 1486 1307 1552 saepe,

212 1541 408 1610 Terra‘i,
431 1543 592 1595 maris
615 1548 670 1595 et
693 1541 810 1594 coeli
833 1540 1142 1609 generisque
1165 1544 1514 1592 ammentum.

283 1611 388 1664 Hic
409 1627 579 1681 neque
603 1617 720 1664 tum
742 1610 865 1663 solis
885 1615 1003 1662 rota
1026 1609 1172 1661 cerni
1194 1609 1393 1661 lumine
1415 1608 1497 1660 lar
1532 1623 1563 1660 o

211 1679 507 1734 Altivolans
529 1685 764 1750 poterat;
798 1695 896 1732 nec
917 1695 1103 1746 magni
1125 1677 1296 1730 sidera.
1316 1625 1533 1743 mundi?

211 1748 322 1803 Nec
344 1766 503 1816 mare,
524 1765 623 1802 nec
645 1748 853 1816 coslum,
874 1765 974 1802 nec
995 1747 1227 1815 denique
1248 1752 1404 1814 terra,
1428 1762 1598 1815 neque
1620 1748 1730 1814 aer,

212 1817 322 1870 Nec
346 1818 531 1870 similis
553 1818 744 1870 nostris
765 1817 921 1870 rebus
941 1834 1025 1870 res
1048 1816 1164 1868 ulla
1185 1815 1385 1869 videri:

210 1884 314 1939 Sed
336 1902 473 1939 nova.
495 1891 778 1954 tempestas
803 1886 1059 1954 quadam,
1082 1885 1349 1953 molesque
1371 1889 1563 1937 coorta.

210 1953 481 2021 Diffugere
503 1953 627 2006 inde
650 1953 752 2006 loci
774 1960 952 2022 partes
976 1970 1192 2024 coepere,
1216 1970 1471 2023 paresque

210 2022 342 2075 Cum
367 2022 577 2090 paribus
593 2023 696 2090 jun
736 2022 749 2035 ⁸
774 2039 871 2090 res,
896 2028 952 2075 et
975 2022 1269 2076 discludere
1291 2022 1568 2089 mundum,

210 2090 552 2158 Membraque
573 2091 685 2143 divi
722 2108 820 2158 ere,
846 2097 901 2144 et
921 2108 1142 2159 magnas
1165 2092 1438 2163 disponere
1461 2098 1637 2160 partes

211 2159 516 2227 Omnigenis
539 2176 569 2212 e
593 2160 895 2229 principiis3
929 2161 1191 2213 discordia
1214 2177 1438 2229 quorum

210 2228 515 2297 Intervalla,
537 2228 665 2297 vias,
689 2245 971 2296 connexus,
994 2228 1239 2299 pondera,
1264 2230 1465 2298 plagas,

210 2297 516 2366 Concursus,
538 2304 714 2351 motus
737 2299 1035 2366 conturbet,
1059 2298 1248 2366 proelia
1270 2299 1511 2366 miscens,

210 2366 431 2435 Propter
453 2367 730 2420 dissimiles
753 2368 946 2420 formas
969 2368 1247 2435 variasque
1268 2367 1495 2434 figuram

210 2435 362 2498 Quod
385 2452 492 2488 non
514 2437 691 2488 omnia
713 2436 789 2488 sic
811 2441 1057 2505 poterant
1080 2438 1364 2503 conjuncta.
1386 2451 1617 2501 manere,

206 2500 514 2555 Nec·motus
537 2504 677 2556 inter
699 2520 808 2556 sese
831 2504 955 2555 dare
978 2504 1373 2556 convenientes:

209 2567 326 2620 Hoc
344 2576 430 2621 rest
451 2586 487 2623 a
507 2572 661 2623 terris
683 2570 852 2623 altum
877 2587 1142 2623 secernere
1165 2571 1370 2637 coelum,

206 2634 278 2686 Et
303 2651 531 2689 seorsum
552 2654 697 2689 mare
717 2638 803 2688 uti
824 2642 1084 2689 secretum
1106 2637 1398 2706 humorque
1422 2645 1642 2707 pateret,

207 2700 423 2756 Seorsus
444 2704 575 2757 item
597 2705 720 2773 puri
742 2704 1032 2772 secretique
1056 2704 1267 2758 aetheris
1289 2706 1454 2772 ignes.

1796 715 1907 792 420

1791 1403 1901 1453 4:30

1777 2095 1889 2144 440
