2084 3000
220 195 260 231 Χ
827 192 1290 245 ARGUMENTA.

216 310 365 358 vitam
400 309 617 372 pendere,
653 308 952 371 salutemque
993 309 1260 357 conservari
1302 310 1593 357 demonstrat
1627 308 1696 370 [V.
1732 309 1890 361 397—-

220 389 359 451 417].
427 390 618 437 Deinde
650 389 834 436 animos
871 395 919 435 et
951 390 1136 436 animas
1170 390 1304 436 nasci
1336 395 1384 435 et
1415 390 1607 436 interire
1640 405 1751 436 cum
1789 404 1890 436 cor-

219 471 431 535 poribus,
467 486 550 517 sex
583 476 632 517 et
661 469 833 531 viginti
871 470 1170 532 argumentis
1208 471 1451 517 ostendere
1491 476 1704 526 conatur,
1738 470 1893 516 derisa

218 551 365 597 etiam
397 550 547 596 obiter
568 549 983 610 transmigratione
1008 549 1291 611 Pythagorae
1315 548 1386 611 [v.
1410 551 1708 612 418—841].
1778 551 1893 597 Istis

218 636 380 676 autem
414 642 475 675 ex
505 628 800 690 argumentis
833 628 1089 686 concludit,
1113 636 1314 677 mortem
1349 645 1452 677 esse
1484 630 1701 676 omnium
1729 644 1891 676 rerum

218 707 381 765 finem,
416 723 503 755 nec
536 715 645 771 post
676 713 877 755 mortem
911 707 1105 755 mortali
1134 709 1308 756 animae
1342 709 1605 771 quidquam
1623 709 1893 756 timendum

220 805 345 845 esse-3
386 790 499 850 ime,
523 791 564 838 si
597 791 770 838 animae
803 791 1137 838 immortalitas
1170 791 1470 847 concedatur,
1499 796 1698 837 mortem
1730 795 1892 838 tamen

219 870 344 918 nihil
378 886 496 927 esse,
519 886 671 933 quum
705 871 877 928 anima,
909 885 1101 932 corpore
1133 871 1363 932 sejuncta,
1391 885 1489 917 non
1521 871 1807 927 meminerit,
1841 885 1892 917 se

224 964 441 1011 unquam
464 958 604 997 antea
626 949 860 997 exstitisse
890 948 958 1009 [v.
981 946 1280 1010 842--8821
1346 949 1551 997 Proinde
1571 950 1694 997 ridet
1714 966 1894 998 vanum

228 1030 396 1077 mortis
427 1036 629 1086 metum,
653 1036 701 1076 et
729 1031 922 1077 inanem
953 1029 1207 1078 hominum
1239 1030 1297 1078 de
1330 1031 1577 1093 sepultura
1607 1030 1891 1079 sollicitudi-

222 1122 333 1154 nem
359 1107 430 1170 [v.
455 1108 760 1172 883—906];
796 1109 1045 1172 docetque,
1065 1118 1269 1157 mortem
1298 1125 1394 1156 non
1424 1126 1527 1157 esse
1554 1110 1755 1167 malum,
1778 1111 1893 1174 quia

225 1190 403 1237 mortui
434 1205 529 1237 non
562 1191 809 1252 indigeant
837 1191 990 1248 bonis,
1014 1191 1190 1252 quibus
1211 1191 1308 1238 vivi
1339 1191 1593 1252 gaudeant,
1615 1206 1770 1252 neque
1790 1190 1894 1237 istis

223 1266 469 1316 doloribus
500 1270 790 1329 crucientur,
812 1271 896 1333 qui
923 1271 1121 1320 miseros
1150 1271 1375 1319 mortales
1402 1270 1618 1332 affligant
1639 1270 1709 1333 [v.
1734 1271 1894 1321 907—

223 1348 363 1410 943J,
386 1350 533 1397 vitam
562 1351 707 1397 etiam
733 1350 889 1413 ipsam
921 1366 1017 1399 non
1052 1367 1157 1399 esse
1189 1352 1565 1410 desiderabilem,
1585 1351 1762 1413 quippe
1782 1368 1891 1413 quse

225 1429 349 1477 nihil
391 1430 502 1478 novi
544 1431 721 1489 afferat,
761 1432 845 1479 sed
882 1433 1072 1479 easdem
1109 1447 1295 1495 semper
1328 1433 1596 1494 voluptates
1636 1448 1789 1494 usque
1832 1434 1894 1480 ad

227 1526 458 1558 nauseam
480 1513 810 1560 subministret
833 1512 903 1575 [v.
929 1512 1231 1577 Μαι-988]
1283 1513 1410 1561 Tum
1431 1519 1480 1560 et
1501 1512 1729 1560 terrificas
1751 1513 1890 1561 fabu-

222 1590 309 1648 las,
326 1607 446 1653 quas
467 1594 622 1654 poetae
645 1598 760 1641 sunt
780 1594 838 1641 de
858 1593 1022 1641 inferis
1035 1600 1083 1641 et
1093 1594 1249 1656 poenis
1271 1601 1377 1655 post
1396 1574 1598 1641 mortem
1619 1594 1895 1651 commenti,

222 1669 478 1732 allegorica
509 1673 717 1733 quadam
748 1674 1136 1737 interpretatione
1177 1674 1330 1721 elevat
1364 1672 1435 1735 [v.
1468 1672 1797 1736 989-1036],
1832 1674 1893 1721 ad

223 1749 566 1797 consolandam
597 1752 709 1798 vitae
742 1752 1052 1813 fragilitatem
1081 1753 1223 1800 etiam
1252 1753 1464 1800 historiae
1488 1768 1603 1800 voce
1624 1768 1757 1810 usuS‚
1781 1768 1891 1815 quae

225 1827 602 1889 sapientissimos
634 1830 811 1891 pariter
841 1837 984 1893 atque
1016 1832 1371 1893 potentissimos
1404 1833 1625 1880 homines
1644 1833 1744 1879 vim
1776 1833 1891 1879 dirae

221 1907 517 1955 necessitatis
558 1910 762 1957 sensisse
803 1909 1059 1957 admoneat
1101 1908 1171 1972 [v.
1222 1906 1580 1974 1037—1057J.
1666 1910 1894 1973 Denique

222 1987 450 2034 mortales
482 1988 550 2035 ait
571 1988 721 2035 vitam
753 1989 1006 2038 sollicitam
1037 1995 1086 2036 et
1114 1989 1377 2051 inquietam
1399 2007 1553 2053 agere,
1578 1992 1707 2053 quod
1727 1992 1894 2039 mortis

218 2068 399 2128 Justam
423 2068 875 2130 contemplatIonem
897 2069 1141 2131 refugiant
1163 2068 1233 2131 [v.
1254 2071 1625 2134 1058-1088];
1651 2070 1893 2132 stulteque

223 2155 272 2196 et
301 2147 461 2212 inepte
482 2150 606 2198 votis
637 2152 859 2199 omnibus
891 2167 999 2199 eam
1020 2151 1172 2198 vitam
1204 2158 1433 2213 expetere,
1458 2168 1601 2213 quam
1635 2150 1893 2212 aliquando

224 2229 449 2278 amissuri
482 2231 593 2289 sint,
615 2247 725 2294 quae
750 2231 937 2280 nullam
958 2248 1135 2280 novam
1154 2232 1449 2293 voluptatem
1470 2232 1606 2290 ferat,
1628 2231 1893 2279 innumeris

227 2325 340 2357 vero
385 2310 628 2359 doloribus
671 2319 718 2359 et
760 2312 986 2376 periculis
1028 2312 1234 2360 obnoxia
1275 2312 1364 2367 sit;
1430 2311 1695 2374 praesertim
1741 2326 1893 2373 quum

227 2390 427 2439 vivendo
461 2398 509 2440 et
539 2393 795 2441 metuendo
827 2393 949 2441 nihil
983 2393 1235 2441 detrahant
1254 2392 1313 2439 de
1332 2399 1544 2454 tempore
1575 2391 1759 2451 mortis,
1782 2407 1891 2455 quae

225 2487 390 2520 omnes
408 2481 601 2521 maneat
617 2481 797 2522 aeterna
819 2472 888 2536 [v.
917 2473 1277 2535 loss—1107}
