2084 3000
758 213 971 266 LIBER
1007 212 1286 266 SEXTUS.
1775 216 1876 286 19⁷

177 312 506 382 Impendent
527 317 658 365 atrae
682 313 974 366 formidinis
998 331 1089 366 ora
1112 330 1351 382 superne,

181 381 369 445 Quum
393 382 681 434 commoliri
703 388 986 450 tempestas
1009 383 1240 435 fulmina
1263 386 1477 450 coeptat.

252 450 528 517 Praeterea,
552 467 781 519 persaepe
805 451 955 518 niger
978 467 1184 518 quoque
1209 468 1302 519 per
1326 467 1470 502 mare
1494 449 1721 518 nimbus,

177 517 261 571 Ut
285 518 419 587 picis
442 536 472 572 e
496 519 625 571 coelo
649 518 932 571 demissum
954 519 1168 585 flumen,
1193 520 1251 571 in
1274 518 1445 572 undas

176 586 271 640 Sic
296 587 459 654 cadit,
484 592 539 640 et
562 587 731 639 fertur
754 586 984 639 tenebris
1007 587 1204 656 procul,
1230 592 1284 639 et
1308 587 1475 640 trahit
1498 592 1670 642 atram

176 654 520 708 Fulminibus
542 655 815 723 gravidam
839 660 1207 724 tempestatem
1230 660 1394 722 atque
1417 655 1674 723 procellis,

179 724 408 791 Ignibus
431 741 494 776 ac
516 724 1016 791 ventis'cumprimis
1037 724 1150 792 ipse
1173 723 1406 791 repletus
1425 744 1437 785 3
1768 728 1873 777 260

179 793 250 843 In
274 798 417 845 terra
439 809 645 861 quoque
666 797 730 845 ut
753 792 1069 858 horrescant,
1094 808 1156 844 ac
1179 796 1321 844 tecta
1344 791 1642 859 requirant..

176 860 269 914 Sic
294 861 459 928 igitur
482 878 668 930 supera
690 866 927 913 nostrum
950 866 1112 928 caput
1135 877 1245 912 esse
1268 859 1564 928 putandum
1588 865 1670 913 est

176 929 567 998 {tempestatem
590 930 783 982 altam:
819 945 989 998 neque
1013 929 1154 981 enim
1179 927 1405 996 caligine
1428 934 1583 983 tanta

180 996 477 1050 Obruerent
501 1004 681 1066 terras,
706 998 810 1050 nisi
833 998 1153 1050 inaedificata
1176 1014 1403 1065 superne

178 1065 362 1118 Multa
382 1067 556 1119 forent
578 1067 760 1119 multis
783 1072 1027 1135 exempto
1051 1066 1235 1119 nubila
1258 1067 1389 1119 sole:

179 1133 294 1187 Nec
317 1141 468 1188 tanto
560 1141 701 1188 ssent
724 1134 836 1187 haec
859 1142 1024 1189 terras
1048 1136 1339 1204 opprimere
1361 1134 1533 1202 imbri,

180 1201 431 1257 Flumina
454 1221 487 1257 a
523 1204 721 1257 undare
743 1208 808 1255 ut
830 1204 1063 1257 facerent
1088 1220 1398 1272 camposque
1422 1210 1621 1271 natare,

180 1270 239 1324 Si
263 1289 371 1324 non
394 1273 675 1325 exstructis
698 1273 833 1325 foret
856 1273 964 1325 alte
986 1271 1218 1323 nubibus
1242 1272 1419 1324 aether.

252 1339 354 1392 His
376 1341 542 1408 igitur
565 1341 737 1393 ventis
760 1348 919 1410 atque
943 1339 1155 1407 ignibus
1183 1340 1358 1391 omnia
1381 1339 1539 1407 plena

179 1407 350 1473 Sunt;
383 1409 500 1461 ideo
523 1409 717 1478 passim
739 1409 982 1462 fremitus
1005 1413 1060 1461 et
1082 1408 1297 1475 fulgura
1319 1407 1483 1459 fiunt:
1623 1424 1628 1431 ·
1749 1408 1854 1462 270

182 1476 389 1546 Quippe
412 1478 607 1530 etenim
631 1495 818 1547 supera
841 1477 1010 1546 docui,
1034 1477 1299 1547 permulta
1321 1475 1529 1544 vaporis

178 1545 394 1599 Semina
415 1545 604 1599 habere
628 1564 782 1600 cavas
803 1548 969 1600 nubes
988 1566 1003 1611 3
1039 1552 1094 1599 et
1116 1545 1287 1598 multa
1308 1561 1514 1597 necesse
1538 1548 1617 1596 est

181 1613 463 1682 Concipere
486 1632 553 1667 ex
577 1615 699 1668 solis
721 1616 882 1668 radiis
906 1615 1193 1682 ardoreque
1216 1631 1409 1666 eorum.

182 1682 303 1749 Hic,
327 1683 422 1736 ubi
443 1689 650 1751 ventus,
673 1701 760 1736 eas
782 1684 924 1737 idem
948 1684 1040 1752 qui
1065 1683 1206 1750 cogit
1228 1683 1287 1734 in
1312 1698 1479 1733 unum

181 1750 339 1803 Forte
362 1751 536 1804 locum
560 1753 808 1820 quemvis,
833 1752 1089 1821 expressit
1112 1752 1285 1803 multa
1307 1768 1375 1803 va
1412 1750 1515 1801 oris

181 1819 405 1887 Semina,
430 1837 586 1888 seque
610 1820 768 1872 simul
791 1838 914 1874 cum
937 1837 997 1873 eo
1020 1820 1349 1873 commiscuit
1370 1818 1519 1885 igni:

183 1887 486 1940 Insinuatus
508 1889 582 1940 ibi
609 1894 791 1942 vortex
814 1894 1054 1943 versatur
1075 1889 1134 1940 in
1158 1888 1282 1955 alto,

182 1955 253 2008 Et
275 1956 459 2009 calidis
481 1958 628 2010 acuit
649 1957 852 2010 fulmen
876 1957 1174 2010 fornacibus
1197 1958 1357 2010 intus.

180 2023 318 2077 Nam
342 2025 542 2094 duplici
564 2027 766 2078 ratione
789 2027 1129 2090 accenditur;
1164 2026 1277 2094 ipse
1300 2042 1396 2079 sua
1419 2042 1543 2081 cum

181 2092 478 2146 Mobilitate
502 2095 728 2161 calescit,
752 2101 807 2147 et
830 2111 859 2147 e
883 2095 1193 2162 contagibus
1216 2095 1369 2162 ignis.
1750 2096 1856 2146 280

183 2160 313 2214 Inde
335 2162 426 2214 ubi
449 2163 708 2231 percaluit
731 2164 812 2217 vis
834 2164 996 2230 venti,
1020 2163 1108 2216 vel
1130 2164 1305 2230 gravis
1328 2163 1472 2230 ignis

183 2229 414 2300 Impetus
437 2232 677 2296 incessit3
712 2236 981 2284 maturum
1004 2237 1122 2283 tum
1146 2231 1298 2299 quasi
1318 2232 1524 2283 fulmen

184 2298 477 2352 Perscindit
501 2299 672 2353 subito
695 2300 905 2368 nubem,
927 2301 1219 2367 ferturque,
1245 2299 1471 2352 coruscis

183 2367 367 2421 Omnia
390 2368 678 2422 luminibus
701 2369 930 2422 lustrans
953 2369 1083 2436 loca,
1107 2369 1338 2437 percitus
1361 2367 1543 2422 ardorz

608 2484 691 2539 De
713 2485 994 2540 tonitribus
1016 2494 1064 2540 et
1087 2493 1393 2540 terraemotu.

185 2570 344 2635 Quem
365 2569 540 2637 gravis
563 2570 858 2638 insequitur
881 2570 1098 2638 sonitus,
1122 2569 1351 2638 displosa
1372 2570 1588 2634 repente

185 2639 483 2759 opprimere
504 2643 566 2691 ut
589 2639 708 2691 coeli
730 2638 1010 2718 videantur
1032 2638 1233 2706 templa
1256 2651 1490 2704 superne.

186 2707 248 2760 In
282 2724 311 2759 e
333 2713 526 2760 tremor
548 2712 714 2761 terras
737 2713 968 2775 graviter
990 2710 1275 2776 pertentat,
1299 2709 1354 2756 et
1378 2702 1550 2756 altum
