2084 3000
779 218 998 271 LIBER
1033 217 1357 282 QUINTUS.
1800 219 1898 269 165

222 322 337 374 Aut
360 320 453 373 ubi
477 321 542 372 de
563 319 720 388 longo
744 336 899 372 cursu
925 320 1001 373 sol
1025 320 1214 373 ultima
1237 321 1355 373 coeli
1796 323 1898 371 650

224 389 464 459 Impulit,
490 395 650 457 atque
675 406 793 441 suos
818 389 1013 441 efflavit
1035 389 1321 455 languidus
1345 389 1493 457 ignes

225 460 516 511 Concussos
540 458 687 524 itere,
712 462 766 509 et
788 457 1075 510 labefactos
1098 460 1219 510 aere
1241 458 1443 511 multo:

223 529 350 594 Aut,
375 528 502 595 quia
525 525 622 578 sub
646 532 812 578 terras
836 543 1046 578 cursum
1071 532 1371 579 convertere
1394 526 1537 594 cogit

223 595 321 649 Vis
345 595 540 661 eadem,
566 611 726 663 supra
749 600 914 646 terras
938 611 1056 662 quae
1079 594 1317 661 pertulit,
1340 594 1530 648 orbem.

293 664 543 731 Tempore
567 663 697 715 item
720 668 862 715 certo
884 679 1086 714 roseam
1109 663 1324 715 Matuta
1348 680 1441 730 per
1462 679 1578 716 oras

221 732 454 785 AEtheris
473 732 731 784 Auroram
755 731 939 798 defert,
959 736 1013 783 et
1036 731 1245 783 lumina
1267 731 1484 798 pandit3

221 802 349 860 Aut,
375 800 497 869 quia
521 800 596 852 sol
620 799 760 852 idem
785 799 882 850 sub
907 806 1072 851 terras
1095 799 1187 851 ille
1210 804 1476 851 revertens

222 869 500 938 Anticipat
523 868 714 920 coelum
735 867 897 919 radiis
922 868 1204 920 accendere
1228 872 1469 930 tentans3

221 939 348 1004 Aut,
373 938 498 1004 quia
521 937 841 990 conveniunt
864 937 1027 1003 ignes,
1052 941 1107 987 et
1132 936 1332 988 semina
1355 936 1529 988 multa

223 1006 493 1059 Gonfiuere
515 1005 713 1058 ardoris
737 1010 1056 1057 consuerunt
1081 1010 1313 1072 tempore
1336 1010 1493 1071 cert0,
1795 1007 1898 1058 660

225 1077 354 1139 Quae
376 1075 584 1128 faciunt
607 1073 729 1127 solis
752 1090 890 1127 nova
912 1090 1117 1142 semper
1139 1073 1342 1126 lumina
1364 1072 1530 1141 gigni.

792 1194 886 1249 Ex
907 1194 1012 1249 Ida
1034 1196 1170 1249 visio
1192 1196 1329 1251 solis.

224 1279 377 1343 Quod
399 1295 567 1347 genus
592 1278 750 1331 Idaeis
773 1279 916 1332 fama
939 1285 1020 1333 est
1042 1296 1074 1332 e
1095 1279 1362 1333 montibus
1385 1279 1509 1332 altis

226 1348 496 1416 Dispersos
519 1348 669 1416 ignes
693 1348 882 1400 orienti
905 1348 1107 1401 lumine
1131 1349 1289 1416 cerni,

223 1417 358 1470 Inde
381 1417 518 1469 coire
540 1415 758 1484 globum
784 1416 933 1485 quasi
956 1417 1014 1468 in
1036 1434 1221 1484 unum,
1246 1422 1301 1469 et
1325 1415 1577 1470 conficere
1601 1415 1792 1471 orbem.

291 1486 403 1540 Nec
426 1491 607 1539 tamen
627 1485 764 1538 illud
787 1486 845 1538 in
868 1485 952 1538 his
973 1486 1129 1539 rebus
1151 1486 1390 1540 mirabile
1414 1484 1571 1540 debet

219 1555 362 1622 Esse,
387 1555 527 1624 quod
550 1555 662 1608 haec
685 1556 823 1623 ignis
846 1561 960 1608 tam
982 1562 1125 1608 certo
1150 1562 1380 1625 tempore
1402 1556 1607 1624 possint

221 1624 435 1677 Semina
457 1624 732 1692 confluere,
756 1629 811 1676 et
835 1624 955 1676 solis
978 1641 1220 1693 reparare
1243 1626 1481 1679 nitorem.

220 1692 400 1745 Multa
422 1693 660 1746 videmus
684 1692 840 1757 enim,
866 1699 1007 1745 certo
1031 1711 1150 1762 quse
1173 1700 1406 1763 tempore
1429 1694 1567 1748 fiunt

223 1761 480 1815 Omnibus
502 1762 561 1813 in
583 1761 765 1814 rebus:
800 1761 1081 1814 florescunt
1105 1769 1337 1831 tempore
1360 1769 1501 1816 certo

220 1830 468 1897 Arbusta‚
493 1835 547 1882 et
570 1837 712 1883 certo
736 1830 1018 1882 dimittunt
1041 1836 1276 1900 tempore
1297 1831 1490 1884 florem.
1791 1830 1898 1885 670

220 1899 333 1952 Nec
355 1900 531 1950 minus
552 1899 611 1951 in
634 1905 775 1952 certo
800 1899 984 1952 dentes
1008 1900 1193 1953 cadere
1215 1900 1439 1968 imperat
1462 1902 1590 1952 setas

221 1967 487 2037 Tempore,
513 1973 568 2020 et
591 1968 860 2036 impubem
881 1968 1030 2020 molli
1054 1969 1333 2036 pubescere
1356 1973 1515 2034 veste,

221 2036 294 2088 Et
316 2036 515 2104 pariter
534 2036 746 2088 mollem
769 2036 923 2088 malis
948 2037 1226 2090 demittere
1249 2035 1477 2089 barbam.

220 2104 470 2157 Fulmina
492 2111 766 2174 postremo,
790 2105 901 2171 nix,
926 2104 1132 2172 imbres,
1156 2105 1354 2171 nubila,
1378 2103 1540 2172 venti,

219 2173 343 2226 Non
365 2173 523 2225 nimis
546 2174 761 2226 incertis
783 2174 925 2225 fiunt
948 2173 1006 2225 in
1029 2174 1267 2242 partibus
1291 2173 1432 2225 anni.

220 2242 478 2310 Namque,
501 2241 595 2293 ubi
619 2242 693 2294 sic
715 2243 935 2293 fuerunt
958 2259 1236 2295 causarum
1258 2241 1473 2294 exordia
1489 2242 1686 2311 prima,

221 2312 397 2378 Atque
422 2311 505 2362 uti
526 2328 609 2362 res
632 2310 819 2362 mundi
843 2310 1076 2362 cecidere
1099 2308 1167 2362 ab
1190 2310 1389 2377 origine
1412 2311 1597 2379 prima,

222 2379 493 2448 consequa
514 2384 710 2432 natura
734 2385 814 2432 est
829 2379 945 2445 jam
967 2395 1143 2430 rerum
1166 2396 1234 2431 ex
1257 2379 1435 2432 ordine
1459 2385 1615 2434 certo.

677 2491 759 2546 De
781 2490 867 2545 die
889 2490 1042 2562 lonqo
1065 2501 1112 2546 et
1134 2501 1273 2546 node
1295 2491 1448 2546 brevi.

290 2577 525 2631 Crescere
548 2578 783 2647 itemque
807 2577 918 2630 dies
941 2577 1083 2643 licet,
1107 2583 1162 2630 et
1185 2577 1446 2630 tabescere
1469 2581 1647 2629 noctes
1659 2594 1676 2640 3

220 2646 291 2700 Et
314 2647 488 2698 minui
510 2647 670 2713 luces,
695 2663 860 2715 quum
886 2653 1099 2698 sumant
1123 2646 1375 2712 augmina
1398 2650 1606 2709 noctes;
1796 2646 1899 2696 680

221 2718 348 2784 Aut,
373 2716 499 2784 quia
521 2717 597 2768 sol
620 2716 764 2770 idem
787 2714 884 2768 sub
909 2721 1075 2768 terras
1098 2719 1258 2782 atque
1283 2729 1505 2780 superne
