2084 3000
209 172 280 226 48
746 214 749 217 -
843 172 900 228 T.
935 172 1275 229 LUCRETII

209 274 427 342 Linquit
450 274 602 326 humi
624 272 844 342 pedibus
868 274 1092 342 vestigia
1114 292 1289 344 pressa
1312 274 1525 330 bisulcis
1540 283 1581 346 ¹¹,

210 343 402 397 Omnia
425 343 695 395 convisens
719 343 883 395 oculis
906 343 1037 409 loca,
1063 344 1106 395 si
1132 351 1293 411 queat
1315 362 1540 414 usquam

210 412 517 479 conspicere
541 411 791 464 amissum
813 411 1031 474 foetum3
1068 413 1397 482 completque
1421 414 1645 483 querelis

209 480 579 533 Frondiferum
602 497 787 532 nemus
811 480 1099 544 adsistens;
1133 487 1188 533 et
1214 482 1392 535 crebra
1415 484 1596 536 revisit

209 549 294 600 Ad
320 548 601 615 stabulm,
626 548 878 601 desiderio
901 549 1105 616 perfixa
1119 551 1368 617 juvenci3
1782 557 1888 607 360

208 617 321 669 Nec
345 623 538 669 tenerae
564 617 760 684 salices,
785 623 945 685 atque
969 618 1145 670 herbae
1168 635 1284 670 rore
1307 620 1560 687 vigentes,

209 685 562 755 Fluminaque
584 686 698 739 ulla
721 692 936 755 queunt,
962 687 1180 739 summis
1203 688 1439 741 labentia
1460 690 1605 757 ripis,

211 754 485 807 Oblectare
507 756 759 822 animum,
785 755 1116 824 subitamque
1139 762 1374 809 avertere
1398 774 1609 821 curam;

208 822 321 876 Nec
343 824 631 877 vitulorum
654 824 771 876 aliae
797 824 991 891 species
1013 841 1109 892 per
1130 823 1326 892 pabula
1349 825 1475 879 laeta

208 890 459 945 Derivare
484 900 685 961 queunt
708 892 958 959 animum,
983 909 1213 960 curaque
1237 893 1437 946 levare:

209 961 388 1028 Usque
411 961 540 1014 adeo
564 960 815 1028 quiddam
839 961 1109 1028 proprium
1132 969 1421 1030 notumque
1444 963 1679 1032 requirit.

210 1028 472 1081 Praeterea
493 1028 663 1080 teneri
687 1027 923 1080 tremulis
948 1045 1070 1080 cum
1093 1030 1307 1083 vocibus
1330 1031 1476 1083 hoedi

212 1096 516 1164 Cornigeras
539 1102 734 1149 norunt
757 1102 967 1164 matreS,
991 1099 1221 1166 agnique
1243 1100 1444 1168 petulci

209 1164 496 1217 Balantum
515 1164 770 1245 pecudes:
804 1165 896 1232 ita,
921 1167 1062 1233 quod
1085 1173 1277 1221 natura
1299 1169 1537 1236 reposcit,

209 1234 296 1285 Ad
320 1250 417 1285 sua
438 1250 660 1303 quisque
681 1234 791 1286 fere
815 1234 1103 1287 decurrunt
1124 1236 1288 1290 ubera
1311 1238 1478 1290 lactis.
1780 1241 1887 1293 370

278 1302 545 1355 Postremo
569 1303 789 1372 quodvis
810 1303 1152 1370 frumentum,
1176 1321 1282 1357 non
1305 1312 1483 1359 tamen
1507 1323 1674 1375 omne,

212 1369 464 1453 Quodque
488 1387 581 1424 suo
604 1388 807 1439 genere,
832 1372 971 1424 inter
994 1388 1049 1424 se
1073 1373 1242 1425 simile
1265 1391 1375 1427 esse
1398 1373 1611 1443 videbis,

211 1438 351 1504 Quin
374 1446 690 1494 intercurrat
714 1440 958 1510 quaedam
981 1441 1237 1495 distantia
1256 1444 1472 1509 formis3

211 1509 641 1579 concharumque
663 1528 831 1579 genus
855 1511 1012 1580 parili
1033 1512 1238 1564 ratione
1260 1513 1500 1566 videmus

209 1577 434 1648 Pingere
458 1580 662 1632 telluris
684 1580 958 1661 gremium,
983 1597 1089 1649 qua
1110 1580 1355 1634 mollibus
1378 1583 1534 1635 undis

211 1646 400 1699 Litoris
423 1648 631 1702 incurvi
654 1647 891 1702 bibulam
914 1650 1065 1717 pavit
1088 1666 1266 1716 aequor
1286 1667 1515 1704 arenam.

211 1714 382 1779 Quare
406 1717 566 1768 etiam
591 1722 750 1784 atque
774 1717 936 1769 etiam
960 1718 1121 1769 simili
1142 1718 1345 1771 ratione
1367 1736 1575 1773 necesse
1598 1726 1693 1788 est,

208 1783 417 1837 Natura
475 1786 688 1836 uoniam
713 1790 971 1852 constant,
995 1804 1167 1854 neque
1189 1787 1333 1840 facta
1355 1805 1517 1841 manu
1541 1797 1669 1842 sunt

210 1852 380 1904 Unius
404 1801 472 1904 ag
497 1859 695 1905 certam
716 1854 939 1906 formam
961 1855 1247 1922 primordia
1268 1873 1459 1924 rerum,

208 1919 468 1973 Dissimili
490 1921 630 1973 inter
653 1937 707 1973 se
730 1922 971 1989 quaedam
996 1923 1216 1977 volitare
1239 1924 1423 1992 figura.
1779 1929 1887 1979 380

281 1988 536 2041 Perfacile
560 1994 641 2041 est
664 1990 831 2042 animi
853 1992 1058 2045 ratione
1081 1992 1346 2047 exsolvere
1368 1994 1535 2062 nobis,

211 2058 384 2123 Quare
406 2057 691 2110 fulmineus
713 2059 884 2111 multo
906 2062 1224 2128 penetralior
1245 2063 1399 2130 ignis,

212 2127 384 2191 Quam
406 2132 582 2178 noster
602 2127 735 2180 fluat
759 2144 788 2179 e
811 2129 961 2181 taedis
985 2130 1319 2182 terrestribus
1342 2136 1502 2185 ortus.

208 2194 395 2248 Dicere
420 2195 562 2247 enim
584 2197 763 2264 possis,
788 2197 1052 2250 coelestem
1072 2198 1313 2251 fulminis
1336 2200 1515 2268 ignem

209 2263 467 2318 Subtilem
490 2264 659 2332 magis
682 2282 712 2316 e
733 2266 908 2333 parvis
932 2273 1168 2319 constare
1190 2267 1401 2334 figuris3

208 2334 389 2403 Atque
410 2335 529 2387 ideo
550 2336 775 2388 transire
797 2336 1072 2403 foramina,
1091 2351 1209 2404 quae
1232 2337 1418 2405 nequit
1439 2337 1580 2406 ignis

206 2402 400 2456 Noster
421 2402 510 2455 hic
525 2404 555 2470 ἱ,
579 2421 609 2455 e
632 2404 791 2472 lignis
815 2410 960 2455 ortus
983 2404 1228 2472 taedaque
1252 2412 1473 2458 creatus.

802 2509 885 2562 De
907 2509 1108 2563 lumine
1130 2510 1286 2566 Zunoe.

279 2598 537 2653 Praeterea
558 2600 739 2652 lumen
758 2617 856 2668 per
878 2617 1040 2653 cornu
1063 2604 1255 2655 transit
1274 2621 1289 2666 3
1323 2609 1382 2657 at
1406 2604 1574 2658 imber

373 2683 394 2709 ¹²
419 2685 627 2732 trisulcin
656 2683 754 2724 Me.
1377 2677 1391 2703 ²
1419 2690 1593 2739 nostrin
1624 2689 1721 2732 ΜΒ.
