2084 3000
192 205 296 254 154
815 200 871 253 T.
908 199 1245 253 LUGRETII
1287 202 1298 206 ’

189 299 608 371 suppeditatque
630 317 765 353 novo
788 300 1064 351 confestim
1086 299 1287 352 lumine
1310 300 1504 352 lumen.

186 370 327 423 Nam
350 369 579 438 primum
603 369 858 437 quidquid
882 368 1101 436 fulgoris
1124 369 1344 437 disperit
1368 369 1431 433 ei,

190 439 529 506 Quocumque
551 437 771 489 accidit:
806 437 864 489 id
889 437 1014 489 licet
1037 437 1162 489 hinc
1186 454 1491 505 cognoscere
1516 436 1694 505 possis,

191 506 356 574 Quod,
381 506 539 558 simul
562 522 626 558 ac
647 506 878 574 primum
901 505 1068 558 nubes
1093 506 1367 558 succedere
1392 506 1489 558 soli

190 576 414 643 Ooepere,
441 580 494 627 et
516 574 688 626 radios
711 571 851 627 inter
874 574 1021 643 quasi
1046 591 1287 643 rumpere
1311 574 1459 641 lucis,

191 643 473 711 Extemplo
496 644 711 696 inferior
734 661 855 712 pars
878 643 1066 695 horum
1090 644 1310 711 disperit
1333 644 1517 708 omnis,

191 713 452 780 Terraque
474 712 825 777 inumbratur,
848 729 951 780 qua.
973 711 1143 764 nimbi
1166 728 1389 779 cumque
1411 712 1655 763 feruntur
1667 730 1682 775 ;
1768 715 1879 765 290

196 782 270 835 Ut
292 797 488 850 noscas,
513 781 785 850 splendore
808 798 944 833 nova
966 797 1049 832 res
1073 797 1276 849 semper
1297 796 1462 847 egere,

196 850 267 903 Et
290 850 520 919 primum
536 854 744 920 jactum
766 850 987 918 fulgoris
1013 865 1272 917 quemque
1295 849 1494 917 perire;

194 919 246 970 N
248 936 305 971 ec
328 920 530 972 ratione
555 920 661 971 alia
682 936 764 971 res
788 936 936 987 posse
960 918 1017 969 in
1041 918 1147 970 sole
1171 917 1352 984 videri,

196 986 455 1056 Perpetuo
478 987 536 1039 ni
560 987 860 1054 suppeditet
883 987 1016 1038 lucis
1041 992 1202 1055 caput
1224 987 1412 1055 ipsum.

710 1100 792 1155 De
816 1102 1058 1173 lampade
1081 1112 1128 1156 et
1150 1102 1376 1156 lucerna.

269 1188 412 1253 Quin
434 1188 597 1241 etiam
619 1193 878 1240 nocturna
901 1188 1015 1255 tibi,
1039 1189 1310 1241 terrestris.
1332 1205 1449 1257 quae
1474 1194 1611 1255 sunt,

200 1257 350 1310 Imm·
463 1256 750 1325 pendentes
773 1256 970 1325 lychni,
994 1257 1252 1325 claraeque
1276 1258 1498 1309 coruscis

203 1274 539 1394 Fulglxilnqbus,
563 1327 787 1395 pingues
810 1326 983 1379 multa
1005 1326 1230 1393 fuligine
1255 1327 1409 1379 taedae

200 1395 471 1448 Consimili
494 1402 774 1464 properant
796 1395 1015 1461 ratione,
1039 1394 1223 1446 ardore
1245 1395 1498 1458 ministro,

202 1464 548 1534 Suppeditare
572 1480 767 1519 novum
790 1463 986 1531 lumen,
1009 1469 1230 1516 tremere
1252 1463 1463 1531 ignibus
1488 1465 1718 1528 instant3

205 1534 433 1601 Instant,
456 1551 553 1586 nec
576 1534 691 1586 loca
712 1532 808 1586 lux
830 1534 971 1586 inter
993 1533 1143 1603 quasi
1164 1541 1324 1601 rupta
1346 1533 1623 1601 relinquit:
1778 1537 1885 1586 300

206 1603 382 1684 Usque
404 1604 534 1655 adeo
558 1608 895 1671 properanter
917 1602 984 1655 ab
1007 1601 1249 1654 omnibus
1272 1601 1483 1669 ignibus
1506 1604 1618 1671 ejus

205 1671 446 1724 Exitium
470 1672 624 1724 celeri
648 1671 908 1724 celeratur
930 1672 1130 1738 origine
1152 1670 1391 1724 flammae.

207 1739 293 1792 Sic
314 1740 336 1792 i
374 1741 481 1793 ‘tur
504 1741 677 1806 solem,
702 1739 885 1792 lunam
909 1741 1187 1808 stellasque
1209 1739 1507 1808 putandum

209 1808 294 1860 Ex
316 1757 420 1860 εἷο
444 1814 602 1876 atque
626 1809 730 1860 alio
753 1809 927 1861 lucem
942 1811 1147 1878 jactare
1171 1809 1402 1876 subortu,

207 1877 282 1930 Et
304 1878 532 1957 primum
557 1876 815 1944 quidquid
837 1877 1171 1929 flammarum
1193 1878 1408 1946 perdere
1432 1895 1662 1946 semper;

212 1944 546 1998 Inviolabilia.
567 1945 682 1996 haec
705 1961 773 1995 ne
796 1946 975 1997 credas
999 1945 1134 1998 forte
1157 1947 1347 2013 vigere.

424 2110 433 2123 ,,
514 2058 597 2112 De
619 2057 857 2128 aedfflciis
879 2058 1309 2129 quemadmodum
1332 2060 1602 2115 intereant.

283 2144 539 2212 Denique,
562 2161 669 2196 non
690 2143 894 2212 lapides
918 2161 1126 2212 quoque
1149 2145 1292 2197 vinci
1317 2147 1486 2199 cernis
1510 2146 1578 2199 ab
1603 2146 1752 2199 sevo?

213 2214 334 2267 Non
358 2213 494 2266 altas
517 2219 686 2266 turres
709 2230 872 2279 ruere,
897 2220 952 2265 et
975 2219 1274 2281 putrescere
1298 2215 1459 2267 saxa?

214 2284 335 2335 Non
359 2282 577 2335 delubra
600 2281 761 2334 defim
785 2281 1168 2349 simulacraque
1191 2283 1328 2336 fessa
1349 2284 1561 2337 fatisci?

198 2353 327 2412 ,Nec
351 2356 593 2405 sanctum
614 2366 809 2403 numen
833 2351 934 2403 fati
956 2350 1234 2419 protollere
1256 2351 1387 2404 fines
1789 2354 1895 2406 310

218 2419 407 2473 Posset
441 2436 610 2488 neque
634 2418 882 2471 adversus
906 2425 1109 2471 naturae
1133 2419 1330 2472 foedera
1352 2421 1490 2473 niti?

216 2487 472 2555 Denique,
498 2504 604 2539 non
625 2493 968 2539 monumenta
984 2486 1161 2538 viriim
1184 2487 1388 2554 dilapsu
1409 2487 1684 2542 videmus?

218 2555 462 2617 Quoerere
487 2570 731 2623 proporro
754 2553 854 2606 sibi
877 2569 1148 2620 quumque
1173 2571 1437 2608 senescere
1460 2557 1620 2610 casu?

218 2621 342 2672 Non
364 2638 513 2674 ruere
536 2623 743 2675 avulsos
767 2621 938 2672 silices
960 2638 994 2672 a
1016 2621 1284 2673 montibus
1306 2623 1445 2690 altis,

216 2688 328 2740 Nec
351 2689 552 2742 validas
579 2691 680 2742 aevi
704 2689 837 2742 vires
860 2689 1102 2755 perferre,
1126 2689 1342 2757 patique

59 2860 231 2888 ι-..

259 2904 313 2944 h„
