2084 3000
194 206 263 255 96
823 198 1249 252 T.LUGRE'1.·11

197 303 307 354 Nec
332 307 442 354 tam
466 301 650 353 doctus
673 317 819 368 equae
844 300 1036 381 pullus,
1062 317 1221 368 quam
1243 299 1394 351 fortis
1419 300 1541 368 equi
1566 299 1644 351 vis
1659 299 1708 350 ⁴¹3

198 372 256 424 Si
279 387 384 423 non
408 376 551 421 certa,
575 386 667 420 suo
692 369 815 437 quia
838 369 1033 421 semine
1059 369 1378 436 seminioque

202 440 295 491 Vis
319 438 483 491 animi
505 438 702 505 pariter
726 437 910 489 crescit
934 454 1053 489 cum
1078 454 1289 505 corpore
1314 454 1529 505 quoque.

201 507 453 560 Scilicet
436 524 494 558 in
517 512 696 558 tenero
719 512 1040 558 tenerascere
1065 523 1275 574 corpore
1299 512 1529 557 mentem

411 575 554 638 ent3
589 574 729 655 quod
754 575 798 626 si
813 577 928 643 jam
951 575 1027 642 fit,
1053 575 1251 627 fateare
1274 591 1481 626 necesse
1504 579 1597 640 est,

203 576 554 696 ffirtaffim
506 661 615 696 esse
639 644 882 725 animam,
907 643 1153 711 quoniam
1177 648 1385 695 mutata.
1408 661 1502 711 per
1525 650 1673 695 artus

207 712 497 781 'tantopere
519 712 721 765 amittit
745 713 910 765 vitam
935 728 1246 793 sensumque
1269 712 1508 779 priorem.

277 782 455 846 Quove
478 781 630 834 modo
654 782 847 862 poterit
871 782 1068 850 pariter
1090 798 1211 832 cum
1234 798 1444 849 corpore
1467 798 1673 849 quoque
1778 779 1879 831 770

209 851 534 932 Confirmata
549 851 790 931 cupitum
814 851 985 903 aetatis
1008 856 1225 931 tangere
1247 850 1428 902 florem

211 920 306 972 Vis
329 919 507 984 animi,
530 919 634 971 nisi
656 919 756 970 erit
780 936 984 970 consors
1007 919 1064 970 in
1090 918 1291 999 origine
1314 917 1520 986 prima?

213 988 417 1053 Quidve
439 988 576 1038 foras
601 987 699 1038 sibi
723 987 839 1038 vult
861 987 1106 1039 membris
1130 988 1274 1039 exire
1298 987 1553 1039 senectis‘l

213 1057 299 1108 An
322 1055 515 1107 metuit
539 1053 780 1107 conclusa
801 1072 1011 1107 manere
1036 1056 1094 1107 in
1117 1073 1328 1123 corpore
1351 1056 1530 1125 putri?

213 1125 286 1177 Et
309 1124 492 1176 domus
516 1122 689 1175 aetatis
713 1124 882 1191 spatio
905 1141 972 1176 ne
995 1125 1133 1177 fessa
1154 1131 1363 1177 vetusto

146 1250 153 1255 h
219 1191 451 1246 Obruat‘l
512 1191 585 1243 At
606 1209 712 1243 non
737 1199 862 1244 sunt
878 1195 992 1260 jam
1016 1193 1302 1245 immortali
1323 1193 1436 1245 ulla
1458 1192 1668 1262 pericla.

288 1261 526 1341 Denique
550 1260 811 1313 connubia.
833 1262 902 1314 ad
927 1262 1144 1314 Veneris
1167 1269 1451 1330 partusque
1474 1263 1705 1314 ferarum

221 1329 347 1382 Esse
370 1329 572 1382 animas
596 1335 798 1397 praesto,
823 1330 1173 1382 deridiculum
1196 1347 1306 1382 esse
1329 1330 1567 1393 videtum

221 1399 539 1467 Exspectare
561 1398 880 1451 immortales
901 1400 1147 1451 mortalia.
1168 1398 1403 1451 membra

223 1468 505 1521 Innumero
528 1485 760 1535 numero,
785 1473 1087 1537 certareque
1110 1473 1559 1537 praeproperanter
1789 1465 1893 1519 780

225 1539 373 1591 Inter
396 1554 463 1598 se,
488 1555 610 1619 quae
630 1538 801 1606 prima
823 1538 1194 1607 potissimaque
1216 1538 1542 1590 insinuetur:

226 1606 282 1659 Si
305 1622 411 1658 non
435 1598 570 1659 forte
593 1606 672 1659 ita
695 1611 820 1659 sunt
843 1608 1137 1658 animarum
1160 1606 1357 1658 foedera
1380 1612 1551 1674 pacta,

227 1676 316 1742 Ut,
340 1693 460 1743 quae
483 1675 653 1745 prima
677 1676 858 1728 volans
880 1675 1165 1739 advenerit,
1190 1675 1489 1727 insinuetur

229 1716 421 1810 Prima,
445 1762 615 1812 neque
638 1746 778 1796 inter
801 1761 854 1796 se
878 1716 1201 1796 contendant
1223 1743 1423 1796 viribus
1445 1743 1628 1795 hilum.

299 1812 577 1881 Denique
560 1830 617 1864 m
642 1812 834 1864 aethere
857 1830 963 1864 non
966 1813 1167 1894 Narbor,
1177 1829 1284 1864 non
1309 1829 1515 1893 aequore
1538 1813 1597 1864 in
1619 1811 1728 1865 alto

230 1880 408 1933 Nubes
431 1897 540 1933 esse
544 1887 781 1961 queunt,
805 1897 902 1932 nec
927 1881 1093 1949 pisces
1117 1882 1291 1934 vivere
1315 1882 1372 1932 in
1396 1881 1549 1947 arviS,

232 1950 343 2002 Nec
366 1966 518 2001 cruor
541 1948 597 2001 in
621 1949 793 2015 ligniS‚
817 1966 914 2000 nec
938 1952 1079 2002 saxis
1105 1968 1289 2002 succus
1312 1951 1495 2002 inesse.

235 2019 447 2070 Certum
469 2034 532 2070 ac
556 2016 864 2085 dispositum
889 2024 980 2083 est,
1006 2018 1099 2070 ubi
1122 2018 1378 2087 quidquid
1401 2022 1600 2071 crescat
1624 2022 1677 2070 et
1701 2015 1857 2068 insit:

235 2087 321 2139 Sic
345 2086 508 2138 animi
532 2092 726 2138 natura
748 2086 934 2153 nequit
959 2087 1072 2139 sine
1095 2105 1305 2155 corpore
1327 2088 1452 2139 oriri

236 2155 372 2219 Sola,
395 2171 565 2222 neque
588 2172 621 2207 a
642 2155 816 2206 nervis
841 2160 896 2207 et
920 2156 1175 2223 sanguine
1199 2155 1408 2223 longius
1432 2173 1555 2208 esse.
1809 2154 1914 2207 790

238 2224 388 2288 Quod
413 2223 458 2275 si
481 2223 642 2292 possit
667 2224 821 2289 enim,
845 2224 1015 2277 multo
1038 2225 1185 2306 prius
1209 2225 1325 2292 ipsa
1348 2224 1514 2276 animi
1538 2225 1618 2276 vis

240 2292 306 2344 In
331 2292 518 2361 capite,
541 2298 636 2345 aut
660 2292 907 2359 humeriS,
932 2299 1027 2345 aut
1051 2294 1170 2345 imis
1196 2293 1426 2345 calcibus
1450 2310 1561 2345 esse

238 2360 433 2429 Posset,
458 2368 513 2414 et
535 2361 738 2414 innasci
765 2362 950 2429 quavis
975 2363 1031 2414 ιιι
1056 2368 1208 2430 parte
1232 2362 1436 2430 soleret,

713 2476 810 2517 “In
833 2478 1010 2517 Meae!
963 2491 1061 2517 oesu
1080 2479 1187 2516 istei
1175 2478 1406 2529 italegitur

462 2533 600 2571 Stulte
618 2538 744 2583 queat
761 2533 865 2579 fieri,
885 2544 960 2570 nec
979 2533 1159 2581 prudens
1179 2533 1234 2570 sit
1253 2544 1355 2582 puer
1375 2507 1485 2571 ullus
1500 2561 1512 2578 ,

463 2588 508 2625 Si
526 2600 608 2626 non
628 2592 741 2626 certa
758 2598 834 2624 suo
853 2586 952 2634 quis·
969 2587 1131 2624 semina
1148 2586 1427 2635 seminioque:

463 2641 552 2679 Nee
573 2646 660 2680 tem
679 2642 823 2679 doctus
843 2650 957 2689 equoe
976 2637 1173 2690 [pullusb
1189 2652 1315 2689 quam
1334 2642 1450 2679 iortis
1467 2641 1564 2690 equi
1580 2641 1658 2681 viu.
