2084 3000
203 139 309 216 2'10
829 167 885 220 ω.
921 165 1256 221 monum

202 262 274 315 Et
298 268 571 331 penetrare
593 265 727 317 mari
750 265 962 334 penitus
983 282 1068 318 res
1090 282 1151 319 co
1189 266 1232 319 't
1253 282 1287 319 a
1352 270 1451 333 rto,

201 330 378 398 Atque
401 332 574 385 efflare
595 334 748 399 foras,
771 334 990 400 ideoque
1014 282 1265 387 extoffere
1286 282 1567 402 gammam,

201 398 446 467 Saxaque
470 400 775 467 subjectare,
799 406 855 453 et
878 417 1050 453 arenae
1075 401 1258 454 tollere
1280 402 1497 455 nimbos,

203 466 270 517 In
293 483 496 520 summo
519 473 645 520 sunt
668 469 864 521 vertice
886 469 1028 521 enim
1052 474 1292 536 crateres,
1318 475 1383 522 ut
1406 470 1510 538 ipsi

201 534 551 603 Nominitant,
574 552 668 589 nos
692 537 832 604 quod
851 536 1033 590 fauces
1058 537 1391 605 perhibemus
1414 543 1469 590 et
1492 555 1595 591 ora.

270 602 408 655 Sunt
432 604 633 671 aliquot
646 620 859 673 *quoque
881 622 977 672 res,
1001 622 1228 673 quarum
1249 622 1413 658 unam
1436 606 1608 659 dicere
1630 624 1845 661 causam

202 670 322 723 Non
345 671 472 724 satis
495 678 589 740 est,
612 690 796 726 verum
819 673 1008 741 plures,
1031 673 1176 725 unde
1197 690 1305 726 una
1325 679 1505 726 tamen
1528 675 1613 726 sit.

202 739 399 807 Corpus
423 746 483 793 ut
507 742 811 794 exanimum
834 741 878 794 si
903 741 1042 808 quod
1066 740 1249 809 procul
1271 741 1384 810 ipse
1398 745 1574 810 jacere

202 807 498 876 Conspicias
521 810 776 873 hominis3
809 808 888 876 fit,
911 816 975 861 ut
997 825 1176 861 omnes
1199 809 1372 862 dicere
1394 826 1577 863 causas

202 875 491 930 Conveniat
514 877 624 945 leti,
649 878 854 930 dicatur
876 883 940 930 ut
962 877 1107 930 illius
1130 894 1252 930 una.

201 942 341 996 Nam
365 962 533 1012 neque
555 963 679 999 eum
699 947 849 1012 ferro,
873 962 971 998 nec
992 946 1186 1013 frigore
1208 945 1417 999 vincere
1439 947 1606 1013 pessis

203 1011 486 1079 Interiisse‚
509 1030 680 1081 neque
703 1030 738 1065 a
752 1013 950 1080 morbo,
975 1030 1146 1082 neque
1169 1014 1305 1067 forte
1328 1030 1527 1068 veneno
1546 1033 1563 1078 ς
1773 1018 1880 1071 7-10

203 1079 401 1133 Verum
424 1081 626 1149 aliquid
649 1097 838 1149 genere
861 1098 971 1134 esse
984 1098 1057 1134 ex
1076 1082 1189 1148 hoc,
1233 1083 1338 1134 uod
1353 1083 1533 1134 concio
1549 1084 1744 1151 credat,

200 1148 431 1203 Scimus:
467 1149 597 1203 item
612 1149 677 1201 in
698 1149 882 1203 multis
906 1149 1004 1203 hoc
1020 1150 1183 1203 rebus
1248 1151 1379 1204 ‘cere
1402 1150 1666 1206 habemus.

786 1269 872 1325 De
894 1270 1025 1325 Nilo
1035 1272 1228 1341 fluvio.

269 1357 425 1411 Nilus
447 1357 505 1410 in
529 1361 766 1411 aestatem
790 1357 987 1420 crescit,
1013 1356 1316 1424 campisque
1337 1354 1599 1408 redundat

200 1425 402 1479 Unicus
424 1426 483 1478 in
506 1427 658 1478 terris
681 1425 902 1494 AEgypti
925 1425 1089 1477 totius
1113 1425 1297 1477 amnis.

200 1495 255 1548 Is
276 1495 417 1564 rigat
434 1495 727 1565 AEgyptum
749 1493 979 1547 medium
1002 1510 1095 1562 per
1117 1510 1254 1561 saepe
1277 1491 1529 1556 calorem;

198 1565 311 1618 Aut
337 1565 461 1632 quia
484 1569 812 1617 suntaestate
834 1562 1118 1630 Aquilones
1141 1562 1275 1614 ostia
1297 1566 1481 1613 contra

198 1634 343 1687 Anni
367 1639 599 1701 tempore
616 1650 697 1699 eo,
722 1631 815 1700 qui
837 1631 1029 1683 Etesiae
1054 1646 1164 1682 esse
1185 1630 1458 1692 feruntur-3

198 1701 271 1754 Et
294 1707 478 1754 contra
494 1701 721 1754 fluvium
742 1701 932 1753 flantes
954 1704 1298 1764 remorantur,
1322 1703 1377 1749 et
1399 1696 1570 1750 undas

199 1770 453 1837 Cogentes
474 1786 651 1822 sursus
673 1769 895 1837 replent,
922 1772 1119 1835 cogunt
1157 1783 1225 1818 ue
1247 1782 1471 1818 manere.

196 1836 337 1890 Nam
360 1838 519 1890 dubio
542 1838 724 1906 procul
747 1838 858 1889 haec
882 1837 1096 1890 adverso
1188 1835 1284 1888 bra
1304 1834 1549 1887 feruntur
1762 1834 1881 1887 720

197 1905 458 1973 Flumine,
476 1923 594 1974 quse
616 1905 804 1973 gelidis
828 1904 895 1957 ab
919 1905 1084 1957 stellis
1108 1903 1223 1956 axis
1247 1907 1506 1970 aguntur:

199 1974 299 2026 Ille
323 1990 391 2027 ex
416 1974 643 2026 aestifera
666 1978 817 2041 parte
840 1974 988 2025 venit
1011 1972 1197 2039 amnis,
1222 1970 1289 2024 ab
1316 1972 1506 2023 Austro

199 2043 348 2096 Inter
370 2042 523 2109 nigra
546 2041 734 2106 vii-iim,
760 2047 1000 2109 percocto
1024 2040 1179 2093 saecla
1202 2039 1387 2105 calore,

197 2111 453 2166 Exoriens
477 2110 688 2180 penitus
709 2109 885 2162 media
907 2109 974 2162 ab
997 2109 1210 2176 regione
1233 2108 1355 2160 diei.

267 2179 364 2233 Est
388 2197 604 2248 quoque,
623 2179 711 2231 -uti
734 2177 896 2247 possit
918 2194 1143 2245 magnus
1167 2181 1443 2243 congestus
1466 2191 1635 2228 arenae

198 2248 476 2303 Fluctibus
500 2248 730 2302 adversis
753 2247 986 2316 oppilare
1010 2245 1145 2298 ostia
1168 2252 1367 2312 contra,

199 2317 375 2380 Quum
396 2334 540 2370 mare
562 2321 856 2385 permotum
875 2314 1047 2367 ventis
1070 2314 1179 2365 ruit
1201 2313 1348 2364 intus
1371 2329 1598 2365 arenam„

200 2384 315 2447 Quo
339 2385 401 2436 fit
424 2386 508 2437 uti
531 2389 685 2453 pacto
709 2382 840 2434 liber
863 2383 1038 2433 minus
1063 2382 1239 2434 exitus
1262 2381 1446 2446 amnis,

197 2451 270 2503 Et
329 2452 554 2505 roclivus
579 2453 709 2504 item
731 2450 825 2502 flat
847 2451 1023 2501 minus
1048 2449 1278 2516 impetus
1303 2449 1470 2502 undis.

312 2520 358 2571 it
382 2536 601 2587 quoque,
626 2518 708 2571 uti
732 2517 925 2585 pluviae
949 2517 1124 2568 forsan
1149 2518 1320 2583 magis
1344 2517 1414 2568 ad
1438 2522 1597 2584 caput
1621 2519 1736 2584 ejus
1773 2520 1881 2571 730

199 2586 449 2652 Tempore
471 2604 531 2638 eo
555 2587 700 2652 fiant,
726 2602 827 2651 quo
852 2585 1029 2636 Etesia
1053 2584 1217 2636 flabra
1240 2585 1564 2652 Aquilonum

195 2651 396 2706 Nubila
418 2654 706 2721 conjiciunt
728 2654 787 2705 in
810 2669 897 2704 eas
921 2655 1052 2703 tunc
1075 2652 1251 2704 omnia
1273 2658 1464 2720 partes.

15 2808 301 2891 fl

1773 336 1882 390 700
