<?xml version="1.0" encoding="UTF-8"?>
<!DOCTYPE html PUBLIC "-//W3C//DTD XHTML 1.0 Transitional//EN"
    "http://www.w3.org/TR/xhtml1/DTD/xhtml1-transitional.dtd">
<html xmlns="http://www.w3.org/1999/xhtml" xml:lang="en" lang="en">
 <head>
  <title>
</title>
<meta http-equiv="Content-Type" content="text/html;charset=utf-8" />
  <meta name='ocr-system' content='tesseract 3.04.00' />
  <meta name='ocr-capabilities' content='ocr_page ocr_carea ocr_par ocr_line ocrx_word'/>
</head>
<body>
  <div class='ocr_page' id='page_1' title='image "./tlucretiicaride04carugoog_0083.png"; bbox 0 0 2084 3000; ppageno 0'>
   <div class='ocr_carea' id='block_1_1' title="bbox 718 169 1872 249">
    <p class='ocr_par' dir='ltr' id='par_1_1' title="bbox 718 169 1872 249">
     <span class='ocr_line' id='line_1_1' title="bbox 718 169 1872 249; baseline -0.005 -24"><span class='ocrx_word' id='word_1_1' title='bbox 718 171 936 225; x_wconf 81' lang='lat' dir='ltr'><strong>LIBER</strong></span> <span class='ocrx_word' id='word_1_2' title='bbox 970 169 1349 224; x_wconf 74' lang='lat' dir='ltr'>SECUNDUS.</span> <span class='ocrx_word' id='word_1_3' title='bbox 1695 244 1701 249; x_wconf 12' lang='grc' dir='ltr'><strong><em>ἢ</em></strong></span> <span class='ocrx_word' id='word_1_4' title='bbox 1805 171 1872 220; x_wconf 84' lang='lat'>63</span> 
     </span>
    </p>
   </div>
   <div class='ocr_carea' id='block_1_2' title="bbox 170 268 1876 953">
    <p class='ocr_par' dir='ltr' id='par_1_2' title="bbox 170 268 1512 352">
     <span class='ocr_line' id='line_1_2' title="bbox 170 268 1512 352; baseline -0.002 -27"><span class='ocrx_word' id='word_1_5' title='bbox 170 268 175 271; x_wconf 76' lang='grc'><em>’</em></span> <span class='ocrx_word' id='word_1_6' title='bbox 270 272 555 341; x_wconf 73' lang='lat' dir='ltr'>Propterea</span> <span class='ocrx_word' id='word_1_7' title='bbox 576 272 791 324; x_wconf 85' lang='lat' dir='ltr'>tandem</span> <span class='ocrx_word' id='word_1_8' title='bbox 814 270 1006 324; x_wconf 85' lang='lat' dir='ltr'>debent</span> <span class='ocrx_word' id='word_1_9' title='bbox 1026 270 1314 352; x_wconf 83' lang='lat' dir='ltr'>primordia</span> <span class='ocrx_word' id='word_1_10' title='bbox 1336 286 1512 323; x_wconf 83' lang='lat' dir='ltr'>rerum</span> 
     </span>
    </p>

    <p class='ocr_par' dir='ltr' id='par_1_3' title="bbox 195 338 1490 406">
     <span class='ocr_line' id='line_1_3' title="bbox 195 338 1490 406; baseline -0.002 -12"><span class='ocrx_word' id='word_1_11' title='bbox 195 341 321 394; x_wconf 81' lang='lat' dir='ltr'>Non</span> <span class='ocrx_word' id='word_1_12' title='bbox 344 339 592 393; x_wconf 85' lang='lat' dir='ltr'>adhibere</span> <span class='ocrx_word' id='word_1_13' title='bbox 614 357 769 392; x_wconf 80' lang='lat' dir='ltr'>suum</span> <span class='ocrx_word' id='word_1_14' title='bbox 790 340 1068 406; x_wconf 71' lang='lat' dir='ltr'>gignendis</span> <span class='ocrx_word' id='word_1_15' title='bbox 1090 338 1244 392; x_wconf 88' lang='lat' dir='ltr'>rebus</span> <span class='ocrx_word' id='word_1_16' title='bbox 1268 339 1490 406; x_wconf 86' lang='lat' dir='ltr'>odorem,</span> 
     </span>
    </p>

    <p class='ocr_par' dir='ltr' id='par_1_4' title="bbox 196 407 1700 476">
     <span class='ocr_line' id='line_1_4' title="bbox 196 407 1700 476; baseline -0.003 -14"><span class='ocrx_word' id='word_1_17' title='bbox 196 410 311 462; x_wconf 80' lang='lat' dir='ltr'>Nec</span> <span class='ocrx_word' id='word_1_18' title='bbox 335 409 566 462; x_wconf 90' lang='lat' dir='ltr'>sonitum</span> <span class='ocrx_word' id='word_1_19' title='bbox 585 427 600 472; x_wconf 83' lang='lat'><em>3</em></span> <span class='ocrx_word' id='word_1_20' title='bbox 637 408 885 476; x_wconf 88' lang='lat' dir='ltr'>quoniam</span> <span class='ocrx_word' id='word_1_21' title='bbox 906 407 1042 459; x_wconf 86' lang='lat' dir='ltr'>nihil</span> <span class='ocrx_word' id='word_1_22' title='bbox 1066 407 1134 460; x_wconf 91' lang='lat' dir='ltr'>ab</span> <span class='ocrx_word' id='word_1_23' title='bbox 1158 425 1212 460; x_wconf 86' lang='lat' dir='ltr'>se</span> <span class='ocrx_word' id='word_1_24' title='bbox 1234 407 1445 459; x_wconf 86' lang='lat' dir='ltr'>mittere</span> <span class='ocrx_word' id='word_1_25' title='bbox 1468 410 1700 474; x_wconf 77' lang='lat' dir='ltr'><strong>possunt,</strong></span> 
     </span>
    </p>

    <p class='ocr_par' dir='ltr' id='par_1_5' title="bbox 195 475 1583 543">
     <span class='ocr_line' id='line_1_5' title="bbox 195 475 1583 543; baseline -0.003 -12"><span class='ocrx_word' id='word_1_26' title='bbox 195 477 311 531; x_wconf 80' lang='lat' dir='ltr'>Nec</span> <span class='ocrx_word' id='word_1_27' title='bbox 336 476 495 528; x_wconf 81' lang='lat' dir='ltr'>simili</span> <span class='ocrx_word' id='word_1_28' title='bbox 519 476 721 528; x_wconf 83' lang='lat' dir='ltr'>ratione</span> <span class='ocrx_word' id='word_1_29' title='bbox 745 492 979 532; x_wconf 78' lang='lat' dir='ltr'>sanorem</span> <span class='ocrx_word' id='word_1_30' title='bbox 1002 475 1227 543; x_wconf 83' lang='lat' dir='ltr'>denique</span> <span class='ocrx_word' id='word_1_31' title='bbox 1284 491 1583 542; x_wconf 85' lang='lat' dir='ltr'>nemquam,</span> 
     </span>
    </p>

    <p class='ocr_par' dir='ltr' id='par_1_6' title="bbox 196 542 1829 749">
     <span class='ocr_line' id='line_1_6' title="bbox 196 542 1762 612; baseline -0.004 -13"><span class='ocrx_word' id='word_1_32' title='bbox 196 546 312 599; x_wconf 82' lang='lat' dir='ltr'>Nec</span> <span class='ocrx_word' id='word_1_33' title='bbox 335 545 516 612; x_wconf 80' lang='lat' dir='ltr'>frigus,</span> <span class='ocrx_word' id='word_1_34' title='bbox 539 560 710 612; x_wconf 90' lang='lat' dir='ltr'>neque</span> <span class='ocrx_word' id='word_1_35' title='bbox 732 542 864 596; x_wconf 80' lang='lat' dir='ltr'>item</span> <span class='ocrx_word' id='word_1_36' title='bbox 885 544 1117 595; x_wconf 84' lang='lat' dir='ltr'>calidum</span> <span class='ocrx_word' id='word_1_37' title='bbox 1139 544 1250 612; x_wconf 89' lang='lat' dir='ltr'>tepi</span> <span class='ocrx_word' id='word_1_38' title='bbox 1292 560 1480 611; x_wconf 89' lang='lat' dir='ltr'>umque</span> <span class='ocrx_word' id='word_1_39' title='bbox 1503 559 1762 610; x_wconf 83' lang='lat' dir='ltr'>vaporem.</span> 
     </span>
     <span class='ocr_line' id='line_1_7' title="bbox 204 611 1829 681; baseline -0.002 -15"><span class='ocrx_word' id='word_1_40' title='bbox 204 614 404 680; x_wconf 79' lang='lat' dir='ltr'><strong>Cetera,</strong></span> <span class='ocrx_word' id='word_1_41' title='bbox 428 630 547 681; x_wconf 82' lang='lat' dir='ltr'>quae</span> <span class='ocrx_word' id='word_1_42' title='bbox 570 630 734 681; x_wconf 90' lang='lat' dir='ltr'>quum</span> <span class='ocrx_word' id='word_1_43' title='bbox 754 613 835 665; x_wconf 84' lang='lat' dir='ltr'>ita</span> <span class='ocrx_word' id='word_1_44' title='bbox 857 616 983 664; x_wconf 87' lang='lat' dir='ltr'>sunt</span> <span class='ocrx_word' id='word_1_45' title='bbox 1005 616 1199 675; x_wconf 87' lang='lat' dir='ltr'>tamen,</span> <span class='ocrx_word' id='word_1_46' title='bbox 1223 616 1287 664; x_wconf 90' lang='lat' dir='ltr'>ut</span> <span class='ocrx_word' id='word_1_47' title='bbox 1308 611 1552 664; x_wconf 84' lang='lat' dir='ltr'>mortalia</span> <span class='ocrx_word' id='word_1_48' title='bbox 1574 616 1829 676; x_wconf 84' lang='lat' dir='ltr'>constent,</span> 
     </span>
     <span class='ocr_line' id='line_1_8' title="bbox 198 680 1496 749; baseline -0.002 -15"><span class='ocrx_word' id='word_1_49' title='bbox 198 681 357 735; x_wconf 89' lang='lat' dir='ltr'>Molli</span> <span class='ocrx_word' id='word_1_50' title='bbox 378 681 538 748; x_wconf 80' lang='lat' dir='ltr'>lenta,</span> <span class='ocrx_word' id='word_1_51' title='bbox 560 681 767 748; x_wconf 77' lang='lat' dir='ltr'>fragosa</span> <span class='ocrx_word' id='word_1_52' title='bbox 789 680 950 749; x_wconf 86' lang='lat' dir='ltr'>putri,</span> <span class='ocrx_word' id='word_1_53' title='bbox 974 696 1105 731; x_wconf 75' lang='lat' dir='ltr'>cava</span> <span class='ocrx_word' id='word_1_54' title='bbox 1128 695 1341 746; x_wconf 87' lang='lat' dir='ltr'>corpore</span> <span class='ocrx_word' id='word_1_55' title='bbox 1363 696 1496 746; x_wconf 86' lang='lat' dir='ltr'>raro,</span> 
     </span>
    </p>

    <p class='ocr_par' dir='ltr' id='par_1_7' title="bbox 200 748 1876 884">
     <span class='ocr_line' id='line_1_9' title="bbox 200 748 1876 817; baseline -0.002 -15"><span class='ocrx_word' id='word_1_56' title='bbox 200 750 396 802; x_wconf 90' lang='lat' dir='ltr'>Omnia</span> <span class='ocrx_word' id='word_1_57' title='bbox 419 750 526 803; x_wconf 88' lang='lat' dir='ltr'>sint</span> <span class='ocrx_word' id='word_1_58' title='bbox 547 765 581 801; x_wconf 89' lang='lat' dir='ltr'>a</span> <span class='ocrx_word' id='word_1_59' title='bbox 602 748 875 817; x_wconf 80' lang='lat' dir='ltr'><strong>principiis</strong></span> <span class='ocrx_word' id='word_1_60' title='bbox 898 749 1137 801; x_wconf 84' lang='lat' dir='ltr'>se&#39;uncta</span> <span class='ocrx_word' id='word_1_61' title='bbox 1160 763 1367 799; x_wconf 83' lang='lat' dir='ltr'>necesse</span> <span class='ocrx_word' id='word_1_62' title='bbox 1389 752 1469 799; x_wconf 86' lang='lat' dir='ltr'>est</span> <span class='ocrx_word' id='word_1_63' title='bbox 1490 764 1507 810; x_wconf 77' lang='lat'><em>3</em></span> <span class='ocrx_word' id='word_1_64' title='bbox 1772 748 1876 798; x_wconf 84' lang='lat'>860</span> 
     </span>
     <span class='ocr_line' id='line_1_10' title="bbox 202 814 1374 884; baseline -0.004 -13"><span class='ocrx_word' id='word_1_65' title='bbox 202 818 530 871; x_wconf 74' lang='lat' dir='ltr'>Immortalis,</span> <span class='ocrx_word' id='word_1_66' title='bbox 552 817 598 869; x_wconf 85' lang='lat' dir='ltr'>si</span> <span class='ocrx_word' id='word_1_67' title='bbox 619 816 860 870; x_wconf 82' lang='lat' dir='ltr'>volumus</span> <span class='ocrx_word' id='word_1_68' title='bbox 884 833 943 868; x_wconf 89' lang='lat' dir='ltr'>su</span> <span class='ocrx_word' id='word_1_69' title='bbox 972 816 1198 884; x_wconf 82' lang='lat' dir='ltr'>jungere</span> <span class='ocrx_word' id='word_1_70' title='bbox 1218 814 1374 867; x_wconf 86' lang='lat' dir='ltr'>rebus</span> 
     </span>
    </p>

    <p class='ocr_par' dir='ltr' id='par_1_8' title="bbox 202 882 1491 953">
     <span class='ocr_line' id='line_1_11' title="bbox 202 882 1491 953; baseline -0.003 -15"><span class='ocrx_word' id='word_1_71' title='bbox 202 885 588 952; x_wconf 75' lang='lat' dir='ltr'><strong>Fundamenta,</strong></span> <span class='ocrx_word' id='word_1_72' title='bbox 611 884 802 953; x_wconf 88' lang='lat' dir='ltr'>quibus</span> <span class='ocrx_word' id='word_1_73' title='bbox 823 885 1031 936; x_wconf 87' lang='lat' dir='ltr'>nitatur</span> <span class='ocrx_word' id='word_1_74' title='bbox 1054 900 1259 936; x_wconf 85' lang='lat' dir='ltr'>summa</span> <span class='ocrx_word' id='word_1_75' title='bbox 1281 882 1491 935; x_wconf 83' lang='lat' dir='ltr'>salutis:</span> 
     </span>
    </p>
   </div>
   <div class='ocr_carea' id='block_1_3' title="bbox 200 951 1883 2723">
    <p class='ocr_par' dir='ltr' id='par_1_9' title="bbox 200 951 1515 1139">
     <span class='ocr_line' id='line_1_12' title="bbox 200 951 1515 1007; baseline -0.003 0"><span class='ocrx_word' id='word_1_76' title='bbox 200 953 285 1007; x_wconf 78' lang='lat' dir='ltr'>Ne</span> <span class='ocrx_word' id='word_1_77' title='bbox 308 954 409 1006; x_wconf 91' lang='lat' dir='ltr'>tibi</span> <span class='ocrx_word' id='word_1_78' title='bbox 428 971 511 1006; x_wconf 85' lang='lat' dir='ltr'>res</span> <span class='ocrx_word' id='word_1_79' title='bbox 532 953 750 1006; x_wconf 85' lang='lat' dir='ltr'>redeant</span> <span class='ocrx_word' id='word_1_80' title='bbox 772 952 842 1006; x_wconf 84' lang='lat' dir='ltr'>ad</span> <span class='ocrx_word' id='word_1_81' title='bbox 863 952 1034 1006; x_wconf 86' lang='lat' dir='ltr'>nilum</span> <span class='ocrx_word' id='word_1_82' title='bbox 1058 951 1301 1004; x_wconf 84' lang='lat' dir='ltr'>funditus</span> <span class='ocrx_word' id='word_1_83' title='bbox 1324 968 1515 1004; x_wconf 80' lang='lat' dir='ltr'>omnes.</span> 
     </span>
     <span class='ocr_line' id='line_1_13' title="bbox 670 1067 1413 1139; baseline -0.001 -18"><span class='ocrx_word' id='word_1_84' title='bbox 670 1069 752 1123; x_wconf 80' lang='lat' dir='ltr'>De</span> <span class='ocrx_word' id='word_1_85' title='bbox 774 1068 1021 1122; x_wconf 64' lang='lat' dir='ltr'>iva-sensili</span> <span class='ocrx_word' id='word_1_86' title='bbox 1040 1067 1224 1122; x_wconf 67' lang='lat' dir='ltr'>sensile</span> <span class='ocrx_word' id='word_1_87' title='bbox 1238 1067 1413 1139; x_wconf 73' lang='lat' dir='ltr'>qiqm&#39;.</span> 
     </span>
    </p>

    <p class='ocr_par' dir='ltr' id='par_1_10' title="bbox 201 1152 1761 1358">
     <span class='ocr_line' id='line_1_14' title="bbox 272 1152 1761 1221; baseline -0.001 -17"><span class='ocrx_word' id='word_1_88' title='bbox 272 1152 431 1205; x_wconf 82' lang='lat' dir='ltr'>Nunc</span> <span class='ocrx_word' id='word_1_89' title='bbox 453 1170 531 1220; x_wconf 86' lang='lat' dir='ltr'>ea,</span> <span class='ocrx_word' id='word_1_90' title='bbox 555 1170 674 1221; x_wconf 78' lang='lat' dir='ltr'>quas</span> <span class='ocrx_word' id='word_1_91' title='bbox 698 1154 890 1206; x_wconf 87' lang='lat' dir='ltr'>sentire</span> <span class='ocrx_word' id='word_1_92' title='bbox 912 1153 1152 1206; x_wconf 83' lang='lat' dir='ltr'>videmus</span> <span class='ocrx_word' id='word_1_93' title='bbox 1176 1169 1413 1221; x_wconf 84' lang='lat' dir='ltr'>cumque,</span> <span class='ocrx_word' id='word_1_94' title='bbox 1436 1168 1643 1206; x_wconf 86' lang='lat' dir='ltr'>necesse</span> <span class='ocrx_word' id='word_1_95' title='bbox 1667 1155 1761 1219; x_wconf 88' lang='lat' dir='ltr'>est,</span> 
     </span>
     <span class='ocr_line' id='line_1_15' title="bbox 201 1219 1346 1274; baseline -0.001 0"><span class='ocrx_word' id='word_1_96' title='bbox 201 1219 290 1274; x_wconf 83' lang='lat' dir='ltr'>Ex</span> <span class='ocrx_word' id='word_1_97' title='bbox 313 1221 644 1274; x_wconf 78' lang='lat' dir='ltr'>insensilibus</span> <span class='ocrx_word' id='word_1_98' title='bbox 667 1227 845 1274; x_wconf 88' lang='lat' dir='ltr'>tamen</span> <span class='ocrx_word' id='word_1_99' title='bbox 868 1221 1045 1273; x_wconf 90' lang='lat' dir='ltr'>omnia</span> <span class='ocrx_word' id='word_1_100' title='bbox 1067 1221 1346 1273; x_wconf 86' lang='lat' dir='ltr'>confiteare</span> 
     </span>
     <span class='ocr_line' id='line_1_16' title="bbox 202 1289 1635 1358; baseline -0.001 -17"><span class='ocrx_word' id='word_1_101' title='bbox 202 1289 486 1358; x_wconf 82' lang='lat' dir='ltr'>Principiis</span> <span class='ocrx_word' id='word_1_102' title='bbox 509 1296 773 1343; x_wconf 75' lang='lat' dir='ltr'>constare:</span> <span class='ocrx_word' id='word_1_103' title='bbox 808 1305 978 1357; x_wconf 89' lang='lat' dir='ltr'>neque</span> <span class='ocrx_word' id='word_1_104' title='bbox 999 1290 1058 1342; x_wconf 82' lang='lat' dir='ltr'>id</span> <span class='ocrx_word' id='word_1_105' title='bbox 1079 1289 1361 1342; x_wconf 78' lang='lat' dir='ltr'>manifesta</span> <span class='ocrx_word' id='word_1_106' title='bbox 1380 1289 1635 1353; x_wconf 84' lang='lat' dir='ltr'>refutant,</span> 
     </span>
    </p>

    <p class='ocr_par' dir='ltr' id='par_1_11' title="bbox 202 1357 1706 1563">
     <span class='ocr_line' id='line_1_17' title="bbox 202 1357 1706 1426; baseline -0.002 -16"><span class='ocrx_word' id='word_1_107' title='bbox 202 1357 318 1411; x_wconf 81' lang='lat' dir='ltr'>Nec</span> <span class='ocrx_word' id='word_1_108' title='bbox 341 1364 523 1411; x_wconf 81' lang='lat' dir='ltr'>contra</span> <span class='ocrx_word' id='word_1_109' title='bbox 544 1363 801 1425; x_wconf 84' lang='lat' dir='ltr'>pugnant,</span> <span class='ocrx_word' id='word_1_110' title='bbox 825 1357 883 1409; x_wconf 92' lang='lat' dir='ltr'>in</span> <span class='ocrx_word' id='word_1_111' title='bbox 906 1363 1157 1426; x_wconf 88' lang='lat' dir='ltr'>promptu</span> <span class='ocrx_word' id='word_1_112' title='bbox 1178 1357 1389 1424; x_wconf 85' lang='lat' dir='ltr'>cognita</span> <span class='ocrx_word' id='word_1_113' title='bbox 1412 1374 1528 1425; x_wconf 81' lang='lat' dir='ltr'>quae</span> <span class='ocrx_word' id='word_1_114' title='bbox 1552 1361 1706 1420; x_wconf 86' lang='lat' dir='ltr'>sunt;</span> 
     </span>
     <span class='ocr_line' id='line_1_18' title="bbox 204 1425 1595 1493; baseline -0.001 -14"><span class='ocrx_word' id='word_1_115' title='bbox 204 1425 310 1479; x_wconf 75' lang='lat' dir='ltr'>Sed</span> <span class='ocrx_word' id='word_1_116' title='bbox 332 1426 500 1493; x_wconf 84' lang='lat' dir='ltr'>magis</span> <span class='ocrx_word' id='word_1_117' title='bbox 523 1426 544 1478; x_wconf 91' lang='lat' dir='ltr'>i</span> <span class='ocrx_word' id='word_1_118' title='bbox 660 1443 824 1479; x_wconf 91' lang='lat' dir='ltr'>manu</span> <span class='ocrx_word' id='word_1_119' title='bbox 847 1426 1051 1478; x_wconf 86' lang='lat' dir='ltr'>ducunt</span> <span class='ocrx_word' id='word_1_120' title='bbox 1074 1430 1129 1478; x_wconf 88' lang='lat' dir='ltr'>et</span> <span class='ocrx_word' id='word_1_121' title='bbox 1152 1426 1360 1478; x_wconf 84' lang='lat' dir='ltr'>credere</span> <span class='ocrx_word' id='word_1_122' title='bbox 1383 1431 1595 1493; x_wconf 83' lang='lat' dir='ltr'>cogunt,</span> 
     </span>
     <span class='ocr_line' id='line_1_19' title="bbox 203 1492 1437 1563; baseline -0.001 -15"><span class='ocrx_word' id='word_1_123' title='bbox 203 1492 292 1548; x_wconf 82' lang='lat' dir='ltr'>Ex</span> <span class='ocrx_word' id='word_1_124' title='bbox 313 1493 551 1547; x_wconf 89' lang='lat' dir='ltr'>insensili</span> <span class='ocrx_word' id='word_1_125' title='bbox 586 1512 661 1563; x_wconf 87' lang='lat' dir='ltr'>us,</span> <span class='ocrx_word' id='word_1_126' title='bbox 720 1493 825 1547; x_wconf 81' lang='lat' dir='ltr'>uod</span> <span class='ocrx_word' id='word_1_127' title='bbox 848 1493 979 1562; x_wconf 79' lang='lat' dir='ltr'>dico,</span> <span class='ocrx_word' id='word_1_128' title='bbox 1001 1493 1254 1548; x_wconf 87' lang='lat' dir='ltr'>animalia</span> <span class='ocrx_word' id='word_1_129' title='bbox 1275 1494 1437 1561; x_wconf 83' lang='lat' dir='ltr'>gigni.</span> 
     </span>
    </p>

    <p class='ocr_par' dir='ltr' id='par_1_12' title="bbox 207 1562 1879 1768">
     <span class='ocr_line' id='line_1_20' title="bbox 278 1562 1879 1632; baseline -0.001 -17"><span class='ocrx_word' id='word_1_130' title='bbox 278 1562 485 1632; x_wconf 80' lang='lat' dir='ltr'>Quippe</span> <span class='ocrx_word' id='word_1_131' title='bbox 507 1563 685 1616; x_wconf 81' lang='lat' dir='ltr'>videre</span> <span class='ocrx_word' id='word_1_132' title='bbox 732 1564 848 1629; x_wconf 85' lang='lat' dir='ltr'>‘cet,</span> <span class='ocrx_word' id='word_1_133' title='bbox 871 1563 1018 1617; x_wconf 78' lang='lat' dir='ltr'>vivos</span> <span class='ocrx_word' id='word_1_134' title='bbox 1040 1563 1290 1615; x_wconf 73' lang='lat' dir='ltr'>exsistere</span> <span class='ocrx_word' id='word_1_135' title='bbox 1312 1578 1511 1614; x_wconf 79' lang='lat' dir='ltr'>vermes</span> <span class='ocrx_word' id='word_1_136' title='bbox 1775 1562 1879 1614; x_wconf 82' lang='lat'>870</span> 
     </span>
     <span class='ocr_line' id='line_1_21' title="bbox 207 1629 1564 1699; baseline 0 -16"><span class='ocrx_word' id='word_1_137' title='bbox 207 1629 440 1683; x_wconf 82' lang='lat' dir='ltr'>Stercore</span> <span class='ocrx_word' id='word_1_138' title='bbox 464 1630 530 1684; x_wconf 83' lang='lat' dir='ltr'>de</span> <span class='ocrx_word' id='word_1_139' title='bbox 552 1637 704 1698; x_wconf 85' lang='lat' dir='ltr'>tetro,</span> <span class='ocrx_word' id='word_1_140' title='bbox 727 1636 967 1699; x_wconf 86' lang='lat' dir='ltr'>putorem</span> <span class='ocrx_word' id='word_1_141' title='bbox 990 1648 1156 1699; x_wconf 89' lang='lat' dir='ltr'>quum</span> <span class='ocrx_word' id='word_1_142' title='bbox 1180 1630 1279 1683; x_wconf 89' lang='lat' dir='ltr'>sibi</span> <span class='ocrx_word' id='word_1_143' title='bbox 1302 1635 1460 1682; x_wconf 89' lang='lat' dir='ltr'>nacta</span> <span class='ocrx_word' id='word_1_144' title='bbox 1483 1635 1564 1683; x_wconf 81' lang='lat' dir='ltr'>est</span> 
     </span>
     <span class='ocr_line' id='line_1_22' title="bbox 208 1697 1421 1768; baseline -0.001 -16"><span class='ocrx_word' id='word_1_145' title='bbox 208 1699 599 1768; x_wconf 84' lang='lat' dir='ltr'>Intempestivis</span> <span class='ocrx_word' id='word_1_146' title='bbox 623 1716 690 1751; x_wconf 84' lang='lat' dir='ltr'>ex</span> <span class='ocrx_word' id='word_1_147' title='bbox 711 1699 964 1752; x_wconf 86' lang='lat' dir='ltr'>imbribus</span> <span class='ocrx_word' id='word_1_148' title='bbox 985 1698 1206 1751; x_wconf 86' lang='lat' dir='ltr'>humida</span> <span class='ocrx_word' id='word_1_149' title='bbox 1228 1697 1387 1751; x_wconf 88' lang='lat' dir='ltr'>tellus</span> <span class='ocrx_word' id='word_1_150' title='bbox 1409 1716 1421 1751; x_wconf 91' lang='lat'><strong>:</strong></span> 
     </span>
    </p>

    <p class='ocr_par' dir='ltr' id='par_1_13' title="bbox 207 1766 1391 1821">
     <span class='ocr_line' id='line_1_23' title="bbox 207 1766 1391 1821; baseline 0.001 -3"><span class='ocrx_word' id='word_1_151' title='bbox 207 1766 470 1820; x_wconf 84' lang='lat' dir='ltr'>Praeterea</span> <span class='ocrx_word' id='word_1_152' title='bbox 493 1772 709 1820; x_wconf 86' lang='lat' dir='ltr'>cunctas</span> <span class='ocrx_word' id='word_1_153' title='bbox 731 1767 917 1820; x_wconf 88' lang='lat' dir='ltr'>itidem</span> <span class='ocrx_word' id='word_1_154' title='bbox 939 1785 1021 1820; x_wconf 89' lang='lat' dir='ltr'>res</span> <span class='ocrx_word' id='word_1_155' title='bbox 1045 1772 1246 1821; x_wconf 83' lang='lat' dir='ltr'>vertere</span> <span class='ocrx_word' id='word_1_156' title='bbox 1270 1783 1391 1819; x_wconf 85' lang='lat' dir='ltr'>sese.</span> 
     </span>
    </p>

    <p class='ocr_par' dir='ltr' id='par_1_14' title="bbox 208 1834 1460 1904">
     <span class='ocr_line' id='line_1_24' title="bbox 208 1834 1460 1904; baseline 0 -17"><span class='ocrx_word' id='word_1_157' title='bbox 208 1834 440 1889; x_wconf 81' lang='lat' dir='ltr'>Vertunt</span> <span class='ocrx_word' id='word_1_158' title='bbox 462 1852 517 1888; x_wconf 85' lang='lat' dir='ltr'>se</span> <span class='ocrx_word' id='word_1_159' title='bbox 538 1835 689 1887; x_wconf 85' lang='lat' dir='ltr'>fluvii</span> <span class='ocrx_word' id='word_1_160' title='bbox 712 1836 770 1886; x_wconf 90' lang='lat' dir='ltr'>in</span> <span class='ocrx_word' id='word_1_161' title='bbox 792 1836 1015 1903; x_wconf 84' lang='lat' dir='ltr'>frondes,</span> <span class='ocrx_word' id='word_1_162' title='bbox 1039 1841 1093 1888; x_wconf 88' lang='lat' dir='ltr'>et</span> <span class='ocrx_word' id='word_1_163' title='bbox 1117 1834 1313 1904; x_wconf 84' lang='lat' dir='ltr'>pabula</span> <span class='ocrx_word' id='word_1_164' title='bbox 1334 1835 1460 1887; x_wconf 77' lang='lat' dir='ltr'>laeta</span> 
     </span>
    </p>

    <p class='ocr_par' dir='ltr' id='par_1_15' title="bbox 208 1903 1568 1972">
     <span class='ocr_line' id='line_1_25' title="bbox 208 1903 1568 1972; baseline 0.001 -15"><span class='ocrx_word' id='word_1_165' title='bbox 208 1903 277 1957; x_wconf 89' lang='lat' dir='ltr'>In</span> <span class='ocrx_word' id='word_1_166' title='bbox 299 1904 550 1972; x_wconf 83' lang='lat' dir='ltr'>pecudes3</span> <span class='ocrx_word' id='word_1_167' title='bbox 585 1909 801 1956; x_wconf 79' lang='lat' dir='ltr'>vertunt</span> <span class='ocrx_word' id='word_1_168' title='bbox 959 1904 1050 1957; x_wconf 87' lang='lat' dir='ltr'>des</span> <span class='ocrx_word' id='word_1_169' title='bbox 1072 1904 1132 1955; x_wconf 94' lang='lat' dir='ltr'>in</span> <span class='ocrx_word' id='word_1_170' title='bbox 1154 1918 1367 1972; x_wconf 86' lang='lat' dir='ltr'>corpora</span> <span class='ocrx_word' id='word_1_171' title='bbox 1389 1908 1568 1958; x_wconf 72' lang='lat' dir='ltr'>nostra</span> 
     </span>
    </p>

    <p class='ocr_par' dir='ltr' id='par_1_16' title="bbox 206 1972 1521 2040">
     <span class='ocr_line' id='line_1_26' title="bbox 206 1972 1521 2040; baseline 0 -16"><span class='ocrx_word' id='word_1_172' title='bbox 206 1972 497 2035; x_wconf 80' lang='lat' dir='ltr'>Naturam3</span> <span class='ocrx_word' id='word_1_173' title='bbox 531 1978 586 2024; x_wconf 86' lang='lat' dir='ltr'>et</span> <span class='ocrx_word' id='word_1_174' title='bbox 607 1977 784 2024; x_wconf 82' lang='lat' dir='ltr'>nostro</span> <span class='ocrx_word' id='word_1_175' title='bbox 844 1990 873 2024; x_wconf 91' lang='lat' dir='ltr'>e</span> <span class='ocrx_word' id='word_1_176' title='bbox 897 1989 1107 2040; x_wconf 87' lang='lat' dir='ltr'>corpore</span> <span class='ocrx_word' id='word_1_177' title='bbox 1130 1989 1267 2040; x_wconf 75' lang='lat' dir='ltr'>saepe</span> <span class='ocrx_word' id='word_1_178' title='bbox 1289 1973 1521 2025; x_wconf 85' lang='lat' dir='ltr'>ferarum</span> 
     </span>
    </p>

    <p class='ocr_par' dir='ltr' id='par_1_17' title="bbox 208 2039 1466 2109">
     <span class='ocr_line' id='line_1_27' title="bbox 208 2039 1466 2109; baseline 0.001 -17"><span class='ocrx_word' id='word_1_179' title='bbox 208 2039 518 2108; x_wconf 84' lang='lat' dir='ltr'>Augescunt</span> <span class='ocrx_word' id='word_1_180' title='bbox 540 2040 676 2092; x_wconf 79' lang='lat' dir='ltr'>vires</span> <span class='ocrx_word' id='word_1_181' title='bbox 700 2047 755 2092; x_wconf 91' lang='lat' dir='ltr'>et</span> <span class='ocrx_word' id='word_1_182' title='bbox 778 2057 991 2108; x_wconf 84' lang='lat' dir='ltr'>corpora</span> <span class='ocrx_word' id='word_1_183' title='bbox 1014 2041 1466 2109; x_wconf 84' lang='lat' dir='ltr'>pennipotentum.</span> 
     </span>
    </p>

    <p class='ocr_par' dir='ltr' id='par_1_18' title="bbox 208 2107 1391 2176">
     <span class='ocr_line' id='line_1_28' title="bbox 208 2107 1391 2176; baseline 0.001 -16"><span class='ocrx_word' id='word_1_184' title='bbox 208 2107 348 2175; x_wconf 83' lang='lat' dir='ltr'>Ergo</span> <span class='ocrx_word' id='word_1_185' title='bbox 372 2125 549 2160; x_wconf 85' lang='lat' dir='ltr'>omnes</span> <span class='ocrx_word' id='word_1_186' title='bbox 572 2114 764 2161; x_wconf 81' lang='lat' dir='ltr'>natura</span> <span class='ocrx_word' id='word_1_187' title='bbox 787 2109 927 2161; x_wconf 87' lang='lat' dir='ltr'>cibos</span> <span class='ocrx_word' id='word_1_188' title='bbox 950 2110 1009 2161; x_wconf 88' lang='lat' dir='ltr'>in</span> <span class='ocrx_word' id='word_1_189' title='bbox 1031 2126 1245 2176; x_wconf 86' lang='lat' dir='ltr'>corpora</span> <span class='ocrx_word' id='word_1_190' title='bbox 1266 2108 1391 2161; x_wconf 82' lang='lat' dir='ltr'>viva</span> 
     </span>
    </p>

    <p class='ocr_par' dir='ltr' id='par_1_19' title="bbox 213 2175 1681 2244">
     <span class='ocr_line' id='line_1_29' title="bbox 213 2175 1681 2244; baseline 0.001 -17"><span class='ocrx_word' id='word_1_191' title='bbox 213 2175 402 2242; x_wconf 88' lang='lat' dir='ltr'>Vertit,</span> <span class='ocrx_word' id='word_1_192' title='bbox 427 2182 482 2228; x_wconf 88' lang='lat' dir='ltr'>et</span> <span class='ocrx_word' id='word_1_193' title='bbox 504 2175 630 2228; x_wconf 90' lang='lat' dir='ltr'>hinc</span> <span class='ocrx_word' id='word_1_194' title='bbox 653 2193 833 2229; x_wconf 85' lang='lat' dir='ltr'>sensus</span> <span class='ocrx_word' id='word_1_195' title='bbox 856 2177 1188 2229; x_wconf 74' lang='lat' dir='ltr'>animantum</span> <span class='ocrx_word' id='word_1_196' title='bbox 1212 2182 1450 2244; x_wconf 79' lang='lat' dir='ltr'>procreat</span> <span class='ocrx_word' id='word_1_197' title='bbox 1474 2194 1681 2240; x_wconf 83' lang='lat' dir='ltr'>omnes;</span> 
     </span>
    </p>

    <p class='ocr_par' dir='ltr' id='par_1_20' title="bbox 209 2244 1883 2312">
     <span class='ocr_line' id='line_1_30' title="bbox 209 2244 1883 2312; baseline -0.001 -16"><span class='ocrx_word' id='word_1_198' title='bbox 209 2244 331 2296; x_wconf 82' lang='lat' dir='ltr'>Non</span> <span class='ocrx_word' id='word_1_199' title='bbox 354 2244 460 2297; x_wconf 87' lang='lat' dir='ltr'>alia</span> <span class='ocrx_word' id='word_1_200' title='bbox 483 2245 636 2311; x_wconf 69' lang='lat' dir='ltr'>longe</span> <span class='ocrx_word' id='word_1_201' title='bbox 658 2246 874 2312; x_wconf 84' lang='lat' dir='ltr'>ratione,</span> <span class='ocrx_word' id='word_1_202' title='bbox 898 2251 1061 2312; x_wconf 91' lang='lat' dir='ltr'>atque</span> <span class='ocrx_word' id='word_1_203' title='bbox 1083 2245 1231 2297; x_wconf 83' lang='lat' dir='ltr'>arida</span> <span class='ocrx_word' id='word_1_204' title='bbox 1253 2245 1401 2311; x_wconf 83' lang='lat' dir='ltr'>ligna</span> <span class='ocrx_word' id='word_1_205' title='bbox 1780 2246 1883 2295; x_wconf 83' lang='lat'>880</span> 
     </span>
    </p>

    <p class='ocr_par' dir='ltr' id='par_1_21' title="bbox 210 2312 1559 2449">
     <span class='ocr_line' id='line_1_31' title="bbox 210 2312 1559 2380; baseline 0.001 -16"><span class='ocrx_word' id='word_1_206' title='bbox 210 2312 294 2364; x_wconf 82' lang='lat' dir='ltr'>Ex</span> <span class='ocrx_word' id='word_1_207' title='bbox 332 2313 461 2364; x_wconf 87' lang='lat' dir='ltr'>licat</span> <span class='ocrx_word' id='word_1_208' title='bbox 484 2313 541 2365; x_wconf 97' lang='lat' dir='ltr'>in</span> <span class='ocrx_word' id='word_1_209' title='bbox 565 2313 818 2379; x_wconf 85' lang='lat' dir='ltr'>flammas,</span> <span class='ocrx_word' id='word_1_210' title='bbox 843 2319 898 2365; x_wconf 90' lang='lat' dir='ltr'>et</span> <span class='ocrx_word' id='word_1_211' title='bbox 919 2314 977 2364; x_wconf 89' lang='lat' dir='ltr'>in</span> <span class='ocrx_word' id='word_1_212' title='bbox 1000 2314 1150 2380; x_wconf 84' lang='lat' dir='ltr'>ignes</span> <span class='ocrx_word' id='word_1_213' title='bbox 1174 2314 1348 2365; x_wconf 87' lang='lat' dir='ltr'>omnia</span> <span class='ocrx_word' id='word_1_214' title='bbox 1370 2318 1559 2366; x_wconf 77' lang='lat' dir='ltr'>versat.</span> 
     </span>
     <span class='ocr_line' id='line_1_32' title="bbox 321 2381 1552 2449; baseline 0.001 -16"><span class='ocrx_word' id='word_1_215' title='bbox 321 2398 474 2433; x_wconf 89' lang='lat' dir='ltr'>amne</span> <span class='ocrx_word' id='word_1_216' title='bbox 496 2381 642 2434; x_wconf 84' lang='lat' dir='ltr'>vides</span> <span class='ocrx_word' id='word_1_217' title='bbox 663 2382 844 2449; x_wconf 85' lang='lat' dir='ltr'>igitur,</span> <span class='ocrx_word' id='word_1_218' title='bbox 867 2381 1049 2448; x_wconf 86' lang='lat' dir='ltr'>magni</span> <span class='ocrx_word' id='word_1_219' title='bbox 1070 2381 1355 2449; x_wconf 83' lang='lat' dir='ltr'>primordia</span> <span class='ocrx_word' id='word_1_220' title='bbox 1375 2399 1552 2434; x_wconf 84' lang='lat' dir='ltr'>rerum</span> 
     </span>
    </p>

    <p class='ocr_par' dir='ltr' id='par_1_22' title="bbox 213 2447 1461 2519">
     <span class='ocr_line' id='line_1_33' title="bbox 213 2447 1461 2519; baseline 0.001 -18"><span class='ocrx_word' id='word_1_221' title='bbox 213 2447 425 2501; x_wconf 86' lang='lat' dir='ltr'>Referre</span> <span class='ocrx_word' id='word_1_222' title='bbox 449 2450 507 2500; x_wconf 90' lang='lat' dir='ltr'>in</span> <span class='ocrx_word' id='word_1_223' title='bbox 531 2449 675 2517; x_wconf 84' lang='lat' dir='ltr'>quali</span> <span class='ocrx_word' id='word_1_224' title='bbox 698 2450 805 2501; x_wconf 86' lang='lat' dir='ltr'>sint</span> <span class='ocrx_word' id='word_1_225' title='bbox 828 2450 1008 2502; x_wconf 85' lang='lat' dir='ltr'>ordine</span> <span class='ocrx_word' id='word_1_226' title='bbox 1032 2466 1252 2519; x_wconf 84' lang='lat' dir='ltr'>quaeque</span> <span class='ocrx_word' id='word_1_227' title='bbox 1275 2449 1461 2515; x_wconf 82' lang='lat' dir='ltr'>locata,</span> 
     </span>
    </p>

    <p class='ocr_par' dir='ltr' id='par_1_23' title="bbox 214 2516 1572 2586">
     <span class='ocr_line' id='line_1_34' title="bbox 214 2516 1572 2586; baseline -0.001 -16"><span class='ocrx_word' id='word_1_228' title='bbox 214 2516 285 2570; x_wconf 77' lang='lat' dir='ltr'>Et</span> <span class='ocrx_word' id='word_1_229' title='bbox 307 2517 594 2570; x_wconf 83' lang='lat' dir='ltr'>commixta</span> <span class='ocrx_word' id='word_1_230' title='bbox 616 2518 804 2585; x_wconf 88' lang='lat' dir='ltr'>quibus</span> <span class='ocrx_word' id='word_1_231' title='bbox 827 2518 956 2570; x_wconf 85' lang='lat' dir='ltr'>dent</span> <span class='ocrx_word' id='word_1_232' title='bbox 977 2523 1153 2570; x_wconf 87' lang='lat' dir='ltr'>motus</span> <span class='ocrx_word' id='word_1_233' title='bbox 1175 2516 1572 2586; x_wconf 67' lang='lat' dir='ltr'>accipiantque?</span> 
     </span>
    </p>

    <p class='ocr_par' dir='ltr' id='par_1_24' title="bbox 216 2583 1832 2723">
     <span class='ocr_line' id='line_1_35' title="bbox 282 2583 1832 2654; baseline -0.001 -17"><span class='ocrx_word' id='word_1_234' title='bbox 282 2586 418 2637; x_wconf 75' lang='lat' dir='ltr'>Tum</span> <span class='ocrx_word' id='word_1_235' title='bbox 441 2602 592 2653; x_wconf 90' lang='lat' dir='ltr'>porro</span> <span class='ocrx_word' id='word_1_236' title='bbox 615 2586 745 2652; x_wconf 88' lang='lat' dir='ltr'>quid</span> <span class='ocrx_word' id='word_1_237' title='bbox 769 2586 825 2638; x_wconf 88' lang='lat' dir='ltr'>id</span> <span class='ocrx_word' id='word_1_238' title='bbox 848 2592 943 2654; x_wconf 84' lang='lat' dir='ltr'>est,</span> <span class='ocrx_word' id='word_1_239' title='bbox 966 2587 1204 2639; x_wconf 84' lang='lat' dir='ltr'>animum</span> <span class='ocrx_word' id='word_1_240' title='bbox 1227 2586 1367 2654; x_wconf 87' lang='lat' dir='ltr'>quod</span> <span class='ocrx_word' id='word_1_241' title='bbox 1390 2584 1620 2654; x_wconf 87' lang='lat' dir='ltr'>percutit</span> <span class='ocrx_word' id='word_1_242' title='bbox 1641 2583 1832 2652; x_wconf 80' lang='lat' dir='ltr'>ipsum,</span> 
     </span>
     <span class='ocr_line' id='line_1_36' title="bbox 216 2653 1556 2723; baseline -0.001 -16"><span class='ocrx_word' id='word_1_243' title='bbox 216 2653 367 2721; x_wconf 84' lang='lat' dir='ltr'>Quod</span> <span class='ocrx_word' id='word_1_244' title='bbox 389 2659 581 2722; x_wconf 80' lang='lat' dir='ltr'>movet,</span> <span class='ocrx_word' id='word_1_245' title='bbox 599 2662 654 2707; x_wconf 84' lang='lat' dir='ltr'>ct</span> <span class='ocrx_word' id='word_1_246' title='bbox 677 2654 847 2708; x_wconf 82' lang='lat' dir='ltr'>varios</span> <span class='ocrx_word' id='word_1_247' title='bbox 872 2672 1052 2708; x_wconf 82' lang='lat' dir='ltr'>sensus</span> <span class='ocrx_word' id='word_1_248' title='bbox 1076 2671 1378 2723; x_wconf 85' lang='lat' dir='ltr'>expromere</span> <span class='ocrx_word' id='word_1_249' title='bbox 1400 2653 1556 2721; x_wconf 81' lang='lat' dir='ltr'>cogit,</span> 
     </span>
    </p>
   </div>
  </div>
 </body>
</html>
