<?xml version="1.0" encoding="UTF-8"?>
<!DOCTYPE html PUBLIC "-//W3C//DTD XHTML 1.0 Transitional//EN"
    "http://www.w3.org/TR/xhtml1/DTD/xhtml1-transitional.dtd">
<html xmlns="http://www.w3.org/1999/xhtml" xml:lang="en" lang="en">
 <head>
  <title>
</title>
<meta http-equiv="Content-Type" content="text/html;charset=utf-8" />
  <meta name='ocr-system' content='tesseract 3.04.00' />
  <meta name='ocr-capabilities' content='ocr_page ocr_carea ocr_par ocr_line ocrx_word'/>
</head>
<body>
  <div class='ocr_page' id='page_1' title='image "./tlucretiicaride04carugoog_0016.png"; bbox 0 0 2084 3000; ppageno 0'>
   <div class='ocr_carea' id='block_1_1' title="bbox 221 163 1295 227">
    <p class='ocr_par' dir='ltr' id='par_1_1' title="bbox 221 163 1295 227">
     <span class='ocr_line' id='line_1_1' title="bbox 221 163 1295 227; baseline -0.011 0"><span class='ocrx_word' id='word_1_1' title='bbox 221 173 301 227; x_wconf 81' lang='lat' dir='ltr'><strong>xii</strong></span> <span class='ocrx_word' id='word_1_2' title='bbox 833 163 1295 219; x_wconf 76' lang='lat' dir='ltr'>ARGUMENTA.</span> 
     </span>
    </p>
   </div>
   <div class='ocr_carea' id='block_1_2' title="bbox 221 278 1903 985">
    <p class='ocr_par' dir='ltr' id='par_1_2' title="bbox 221 278 1903 985">
     <span class='ocr_line' id='line_1_2' title="bbox 223 278 1902 351; baseline -0.008 -11"><span class='ocrx_word' id='word_1_3' title='bbox 223 293 308 340; x_wconf 86' lang='lat' dir='ltr'><strong>sed</strong></span> <span class='ocrx_word' id='word_1_4' title='bbox 328 306 389 339; x_wconf 82' lang='lat' dir='ltr'><strong>ex</strong></span> <span class='ocrx_word' id='word_1_5' title='bbox 410 289 608 351; x_wconf 87' lang='lat' dir='ltr'><strong>opinatu</strong></span> <span class='ocrx_word' id='word_1_6' title='bbox 632 287 904 335; x_wconf 88' lang='lat' dir='ltr'><strong>animorum</strong></span> <span class='ocrx_word' id='word_1_7' title='bbox 927 285 1063 332; x_wconf 86' lang='lat' dir='ltr'><strong>nasci</strong></span> <span class='ocrx_word' id='word_1_8' title='bbox 1084 284 1205 331; x_wconf 81' lang='lat' dir='ltr'><strong>falsa</strong></span> <span class='ocrx_word' id='word_1_9' title='bbox 1224 281 1421 330; x_wconf 88' lang='lat' dir='ltr'><strong>illorum</strong></span> <span class='ocrx_word' id='word_1_10' title='bbox 1436 279 1622 342; x_wconf 85' lang='lat' dir='ltr'><strong>judicia</strong></span> <span class='ocrx_word' id='word_1_11' title='bbox 1644 278 1716 342; x_wconf 76' lang='grc' dir='ltr'><strong>[ν.</strong></span> <span class='ocrx_word' id='word_1_12' title='bbox 1739 280 1902 328; x_wconf 78' lang='lat'><strong>880—-</strong></span> 
     </span>
     <span class='ocr_line' id='line_1_3' title="bbox 221 361 1899 433; baseline -0.009 -13"><span class='ocrx_word' id='word_1_13' title='bbox 221 369 363 433; x_wconf 66' lang='lat'><strong>469}</strong></span> <span class='ocrx_word' id='word_1_14' title='bbox 432 368 509 416; x_wconf 88' lang='lat' dir='ltr'><strong>Ne</strong></span> <span class='ocrx_word' id='word_1_15' title='bbox 524 367 641 429; x_wconf 77' lang='lat' dir='ltr'><strong>&#39;quis</strong></span> <span class='ocrx_word' id='word_1_16' title='bbox 660 365 812 427; x_wconf 84' lang='lat' dir='ltr'><strong>igitur</strong></span> <span class='ocrx_word' id='word_1_17' title='bbox 835 379 896 412; x_wconf 87' lang='lat' dir='ltr'><strong>ex</strong></span> <span class='ocrx_word' id='word_1_18' title='bbox 916 363 1015 410; x_wconf 89' lang='lat' dir='ltr'><strong>illis</strong></span> <span class='ocrx_word' id='word_1_19' title='bbox 1037 362 1348 424; x_wconf 73' lang='lat' dir='ltr'><strong>problematis</strong></span> <span class='ocrx_word' id='word_1_20' title='bbox 1368 361 1575 408; x_wconf 80' lang='lat' dir='ltr'><strong>fallaciae</strong></span> <span class='ocrx_word' id='word_1_21' title='bbox 1597 365 1768 422; x_wconf 83' lang='lat' dir='ltr'><strong>arguat</strong></span> <span class='ocrx_word' id='word_1_22' title='bbox 1788 373 1899 406; x_wconf 84' lang='lat' dir='ltr'><strong>sen-</strong></span> 
     </span>
     <span class='ocr_line' id='line_1_4' title="bbox 223 436 1900 507; baseline -0.008 -10"><span class='ocrx_word' id='word_1_23' title='bbox 223 465 322 507; x_wconf 85' lang='lat' dir='ltr'><strong>sus,</strong></span> <span class='ocrx_word' id='word_1_24' title='bbox 345 449 519 495; x_wconf 87' lang='lat' dir='ltr'><strong>horum</strong></span> <span class='ocrx_word' id='word_1_25' title='bbox 540 445 826 507; x_wconf 84' lang='lat' dir='ltr'><strong>dignitatem</strong></span> <span class='ocrx_word' id='word_1_26' title='bbox 847 443 1157 498; x_wconf 88' lang='lat' dir='ltr'><strong>demonstrat,</strong></span> <span class='ocrx_word' id='word_1_27' title='bbox 1179 440 1398 488; x_wconf 75' lang='lat' dir='ltr'><strong>refutatis</strong></span> <span class='ocrx_word' id='word_1_28' title='bbox 1426 439 1572 487; x_wconf 90' lang='lat' dir='ltr'><strong>etiam</strong></span> <span class='ocrx_word' id='word_1_29' title='bbox 1596 436 1900 486; x_wconf 71' lang='lat' dir='ltr'><strong>Academicis</strong></span> 
     </span>
     <span class='ocr_line' id='line_1_5' title="bbox 228 517 1901 591; baseline -0.008 -14"><span class='ocrx_word' id='word_1_30' title='bbox 228 529 300 591; x_wconf 86' lang='lat' dir='ltr'><strong>[v.</strong></span> <span class='ocrx_word' id='word_1_31' title='bbox 322 524 625 588; x_wconf 78' lang='lat'><strong>470—478],</strong></span> <span class='ocrx_word' id='word_1_32' title='bbox 642 537 930 584; x_wconf 88' lang='lat' dir='ltr'><strong>omnemque</strong></span> <span class='ocrx_word' id='word_1_33' title='bbox 951 520 1147 568; x_wconf 88' lang='lat' dir='ltr'><strong>omnino</strong></span> <span class='ocrx_word' id='word_1_34' title='bbox 1164 520 1414 567; x_wconf 82' lang='lat' dir='ltr'><strong>veritatem</strong></span> <span class='ocrx_word' id='word_1_35' title='bbox 1436 517 1529 566; x_wconf 85' lang='lat' dir='ltr'><strong>fide</strong></span> <span class='ocrx_word' id='word_1_36' title='bbox 1550 524 1598 565; x_wconf 90' lang='lat' dir='ltr'><strong>et</strong></span> <span class='ocrx_word' id='word_1_37' title='bbox 1621 518 1901 565; x_wconf 88' lang='lat' dir='ltr'><strong>auctoritate</strong></span> 
     </span>
     <span class='ocr_line' id='line_1_6' title="bbox 226 596 1901 667; baseline -0.009 -9"><span class='ocrx_word' id='word_1_38' title='bbox 226 623 458 657; x_wconf 87' lang='lat' dir='ltr'><strong>sensuum</strong></span> <span class='ocrx_word' id='word_1_39' title='bbox 478 606 583 664; x_wconf 88' lang='lat' dir='ltr'><strong>niti,</strong></span> <span class='ocrx_word' id='word_1_40' title='bbox 604 602 840 667; x_wconf 76' lang='lat' dir='ltr'><strong>copiosius</strong></span> <span class='ocrx_word' id='word_1_41' title='bbox 861 601 1033 650; x_wconf 89' lang='lat' dir='ltr'><strong>asserit</strong></span> <span class='ocrx_word' id='word_1_42' title='bbox 1056 597 1126 662; x_wconf 84' lang='lat' dir='ltr'><strong>[v.</strong></span> <span class='ocrx_word' id='word_1_43' title='bbox 1154 596 1450 659; x_wconf 76' lang='lat' dir='ltr'><strong>479—522J.</strong></span> <span class='ocrx_word' id='word_1_44' title='bbox 1508 597 1603 644; x_wconf 88' lang='lat' dir='ltr'><strong>His</strong></span> <span class='ocrx_word' id='word_1_45' title='bbox 1623 596 1692 644; x_wconf 92' lang='lat' dir='ltr'><strong>ita</strong></span> <span class='ocrx_word' id='word_1_46' title='bbox 1713 597 1772 644; x_wconf 94' lang='lat' dir='ltr'><strong>de</strong></span> <span class='ocrx_word' id='word_1_47' title='bbox 1793 597 1901 644; x_wconf 81' lang='lat' dir='ltr'><strong>visu</strong></span> 
     </span>
     <span class='ocr_line' id='line_1_7' title="bbox 225 678 1898 750; baseline -0.007 -16"><span class='ocrx_word' id='word_1_48' title='bbox 225 687 497 750; x_wconf 89' lang='lat' dir='ltr'><strong>disputatis,</strong></span> <span class='ocrx_word' id='word_1_49' title='bbox 519 685 580 733; x_wconf 92' lang='lat' dir='ltr'><strong>ad</strong></span> <span class='ocrx_word' id='word_1_50' title='bbox 602 690 784 731; x_wconf 90' lang='lat' dir='ltr'><strong>ceteros</strong></span> <span class='ocrx_word' id='word_1_51' title='bbox 807 696 977 730; x_wconf 89' lang='lat' dir='ltr'><strong>sensus</strong></span> <span class='ocrx_word' id='word_1_52' title='bbox 998 678 1313 742; x_wconf 79' lang='lat' dir='ltr'><strong>progreditur.</strong></span> <span class='ocrx_word' id='word_1_53' title='bbox 1375 678 1532 725; x_wconf 81' lang='lat' dir='ltr'><strong>Vocem</strong></span> <span class='ocrx_word' id='word_1_54' title='bbox 1551 682 1600 724; x_wconf 87' lang='lat' dir='ltr'><strong>et</strong></span> <span class='ocrx_word' id='word_1_55' title='bbox 1619 692 1772 723; x_wconf 76' lang='lat' dir='ltr'><strong>sonum</strong></span> <span class='ocrx_word' id='word_1_56' title='bbox 1794 690 1898 723; x_wconf 89' lang='lat' dir='ltr'><strong>cor-</strong></span> 
     </span>
     <span class='ocr_line' id='line_1_8' title="bbox 222 755 1901 830; baseline -0.008 -16"><span class='ocrx_word' id='word_1_57' title='bbox 222 780 390 830; x_wconf 89' lang='lat' dir='ltr'><strong>poreas</strong></span> <span class='ocrx_word' id='word_1_58' title='bbox 421 780 525 813; x_wconf 90' lang='lat' dir='ltr'><strong>esse</strong></span> <span class='ocrx_word' id='word_1_59' title='bbox 555 763 809 826; x_wconf 81' lang='lat' dir='ltr'><strong>imagines,</strong></span> <span class='ocrx_word' id='word_1_60' title='bbox 831 775 941 823; x_wconf 82' lang='lat' dir='ltr'><strong>quae</strong></span> <span class='ocrx_word' id='word_1_61' title='bbox 974 773 1141 806; x_wconf 89' lang='lat' dir='ltr'><strong>aurem</strong></span> <span class='ocrx_word' id='word_1_62' title='bbox 1174 756 1352 819; x_wconf 86' lang='lat' dir='ltr'><strong>pariter</strong></span> <span class='ocrx_word' id='word_1_63' title='bbox 1381 755 1556 803; x_wconf 81' lang='lat' dir='ltr'><strong>feriant</strong></span> <span class='ocrx_word' id='word_1_64' title='bbox 1586 761 1636 802; x_wconf 92' lang='lat' dir='ltr'><strong>et</strong></span> <span class='ocrx_word' id='word_1_65' title='bbox 1679 755 1901 802; x_wconf 82' lang='lat' dir='ltr'><strong>auditum</strong></span> 
     </span>
     <span class='ocr_line' id='line_1_9' title="bbox 225 834 1902 907; baseline -0.008 -13"><span class='ocrx_word' id='word_1_66' title='bbox 225 846 435 894; x_wconf 79' lang='lat' dir='ltr'><strong>efficiant</strong></span> <span class='ocrx_word' id='word_1_67' title='bbox 469 843 542 907; x_wconf 82' lang='lat' dir='ltr'><strong>[v.</strong></span> <span class='ocrx_word' id='word_1_68' title='bbox 565 839 869 903; x_wconf 81' lang='lat'><strong>523—543];</strong></span> <span class='ocrx_word' id='word_1_69' title='bbox 914 839 1049 886; x_wconf 81' lang='lat' dir='ltr'><strong>vocis</strong></span> <span class='ocrx_word' id='word_1_70' title='bbox 1086 852 1196 899; x_wconf 84' lang='lat' dir='ltr'><strong>quae</strong></span> <span class='ocrx_word' id='word_1_71' title='bbox 1230 836 1293 883; x_wconf 91' lang='lat' dir='ltr'><strong>sit</strong></span> <span class='ocrx_word' id='word_1_72' title='bbox 1324 841 1509 893; x_wconf 84' lang='lat' dir='ltr'><strong>natura,</strong></span> <span class='ocrx_word' id='word_1_73' title='bbox 1542 839 1592 881; x_wconf 88' lang='lat' dir='ltr'><strong>et</strong></span> <span class='ocrx_word' id='word_1_74' title='bbox 1629 849 1725 896; x_wconf 87' lang='lat' dir='ltr'><strong>quo</strong></span> <span class='ocrx_word' id='word_1_75' title='bbox 1759 834 1902 881; x_wconf 89' lang='lat' dir='ltr'><strong>modo</strong></span> 
     </span>
     <span class='ocr_line' id='line_1_10' title="bbox 224 913 1903 985; baseline -0.008 -11"><span class='ocrx_word' id='word_1_76' title='bbox 224 925 457 973; x_wconf 79' lang='lat' dir='ltr'><strong>formetur</strong></span> <span class='ocrx_word' id='word_1_77' title='bbox 481 922 555 985; x_wconf 82' lang='lat' dir='ltr'><strong>[v.</strong></span> <span class='ocrx_word' id='word_1_78' title='bbox 591 918 901 979; x_wconf 71' lang='lat'>544—564];</span> <span class='ocrx_word' id='word_1_79' title='bbox 937 932 1024 965; x_wconf 91' lang='lat' dir='ltr'><strong>cur</strong></span> <span class='ocrx_word' id='word_1_80' title='bbox 1046 918 1213 964; x_wconf 89' lang='lat' dir='ltr'><strong>eadem</strong></span> <span class='ocrx_word' id='word_1_81' title='bbox 1244 929 1339 964; x_wconf 83' lang='lat' dir='ltr'><strong>vox</strong></span> <span class='ocrx_word' id='word_1_82' title='bbox 1372 913 1520 962; x_wconf 89' lang='lat' dir='ltr'><strong>simul</strong></span> <span class='ocrx_word' id='word_1_83' title='bbox 1550 914 1842 977; x_wconf 78' lang='lat' dir='ltr'><strong>percipiatur</strong></span> <span class='ocrx_word' id='word_1_84' title='bbox 1873 929 1903 961; x_wconf 92' lang='lat' dir='ltr'><strong>a</strong></span> 
     </span>
    </p>
   </div>
   <div class='ocr_carea' id='block_1_3' title="bbox 2055 63 2064 611">
    <p class='ocr_par' dir='ltr' id='par_1_3' title="bbox 2055 63 2064 611">
     <span class='ocr_line' id='line_1_11' title="bbox 2055 63 2064 611; baseline 0 0"><span class='ocrx_word' id='word_1_85' title='bbox 2055 63 2064 611; x_wconf 95' lang='lat' dir='ltr'><strong> </strong></span> 
     </span>
    </p>
   </div>
   <div class='ocr_carea' id='block_1_4' title="bbox 224 992 1976 1064">
    <p class='ocr_par' dir='ltr' id='par_1_4' title="bbox 224 992 1976 1064">
     <span class='ocr_line' id='line_1_12' title="bbox 224 992 1976 1064; baseline -0.005 -13"><span class='ocrx_word' id='word_1_86' title='bbox 224 1003 396 1051; x_wconf 84' lang='lat' dir='ltr'><strong>multis</strong></span> <span class='ocrx_word' id='word_1_87' title='bbox 416 1000 493 1064; x_wconf 84' lang='lat' dir='ltr'><strong>[v.</strong></span> <span class='ocrx_word' id='word_1_88' title='bbox 515 997 828 1061; x_wconf 82' lang='lat'><strong>565—573];</strong></span> <span class='ocrx_word' id='word_1_89' title='bbox 864 998 981 1060; x_wconf 87' lang='lat' dir='ltr'><strong>quid</strong></span> <span class='ocrx_word' id='word_1_90' title='bbox 1009 997 1075 1044; x_wconf 85' lang='lat' dir='ltr'><strong>sit</strong></span> <span class='ocrx_word' id='word_1_91' title='bbox 1103 996 1235 1055; x_wconf 89' lang='lat' dir='ltr'><strong>echo,</strong></span> <span class='ocrx_word' id='word_1_92' title='bbox 1271 1001 1320 1043; x_wconf 92' lang='lat' dir='ltr'><strong>et</strong></span> <span class='ocrx_word' id='word_1_93' title='bbox 1349 995 1478 1043; x_wconf 86' lang='lat' dir='ltr'><strong>unde</strong></span> <span class='ocrx_word' id='word_1_94' title='bbox 1509 995 1690 1043; x_wconf 87' lang='lat' dir='ltr'><strong>oriatur</strong></span> <span class='ocrx_word' id='word_1_95' title='bbox 1713 992 1782 1057; x_wconf 84' lang='lat' dir='ltr'><strong>[v.</strong></span> <span class='ocrx_word' id='word_1_96' title='bbox 1807 994 1902 1046; x_wconf 80' lang='lat'><strong>574</strong></span> <span class='ocrx_word' id='word_1_97' title='bbox 1963 994 1976 1008; x_wconf 89' lang='lat'><em>&#39;</em></span> 
     </span>
    </p>
   </div>
   <div class='ocr_carea' id='block_1_5' title="bbox 220 1072 1906 2655">
    <p class='ocr_par' dir='ltr' id='par_1_5' title="bbox 220 1072 1906 2655">
     <span class='ocr_line' id='line_1_13' title="bbox 223 1072 1900 1143; baseline -0.002 -14"><span class='ocrx_word' id='word_1_98' title='bbox 223 1081 411 1143; x_wconf 79' lang='lat' dir='ltr'><strong>—596J</strong></span> <span class='ocrx_word' id='word_1_99' title='bbox 432 1099 444 1137; x_wconf 69' lang='grc' dir='ltr'>ς</span> <span class='ocrx_word' id='word_1_100' title='bbox 477 1095 572 1142; x_wconf 87' lang='lat' dir='ltr'><strong>quo</strong></span> <span class='ocrx_word' id='word_1_101' title='bbox 602 1078 745 1126; x_wconf 88' lang='lat' dir='ltr'><strong>modo</strong></span> <span class='ocrx_word' id='word_1_102' title='bbox 779 1092 926 1125; x_wconf 89' lang='lat' dir='ltr'><strong>sonus</strong></span> <span class='ocrx_word' id='word_1_103' title='bbox 958 1091 1045 1139; x_wconf 82' lang='lat' dir='ltr'><strong>per</strong></span> <span class='ocrx_word' id='word_1_104' title='bbox 1064 1090 1261 1138; x_wconf 88' lang='lat' dir='ltr'><strong>corpora</strong></span> <span class='ocrx_word' id='word_1_105' title='bbox 1287 1073 1446 1122; x_wconf 89' lang='lat' dir='ltr'><strong>multa</strong></span> <span class='ocrx_word' id='word_1_106' title='bbox 1472 1080 1689 1135; x_wconf 84' lang='lat' dir='ltr'><strong>penetret</strong></span> <span class='ocrx_word' id='word_1_107' title='bbox 1709 1072 1782 1136; x_wconf 76' lang='grc' dir='ltr'><strong>[ν.</strong></span> <span class='ocrx_word' id='word_1_108' title='bbox 1806 1074 1900 1125; x_wconf 85' lang='grc'><strong>597</strong></span> 
     </span>
     <span class='ocr_line' id='line_1_14' title="bbox 225 1152 1902 1222; baseline -0.005 -14"><span class='ocrx_word' id='word_1_109' title='bbox 225 1158 432 1222; x_wconf 82' lang='lat'><strong>—604]‚</strong></span> <span class='ocrx_word' id='word_1_110' title='bbox 466 1165 514 1206; x_wconf 90' lang='lat' dir='ltr'><strong>et</strong></span> <span class='ocrx_word' id='word_1_111' title='bbox 543 1158 596 1206; x_wconf 91' lang='lat' dir='ltr'><strong>in</strong></span> <span class='ocrx_word' id='word_1_112' title='bbox 629 1171 795 1205; x_wconf 89' lang='lat' dir='ltr'><strong>omnes</strong></span> <span class='ocrx_word' id='word_1_113' title='bbox 826 1163 987 1219; x_wconf 88' lang='lat' dir='ltr'><strong>partes</strong></span> <span class='ocrx_word' id='word_1_114' title='bbox 1021 1156 1316 1203; x_wconf 85' lang='lat' dir='ltr'><strong>diffundatur</strong></span> <span class='ocrx_word' id='word_1_115' title='bbox 1351 1152 1421 1216; x_wconf 75' lang='grc' dir='ltr'><strong>[ν.</strong></span> <span class='ocrx_word' id='word_1_116' title='bbox 1456 1152 1757 1216; x_wconf 86' lang='grc'><strong>605-616].</strong></span> <span class='ocrx_word' id='word_1_117' title='bbox 1824 1153 1902 1200; x_wconf 89' lang='lat' dir='ltr'><strong>De</strong></span> 
     </span>
     <span class='ocr_line' id='line_1_15' title="bbox 226 1232 1903 1300; baseline -0.002 -12"><span class='ocrx_word' id='word_1_118' title='bbox 226 1255 386 1300; x_wconf 70' lang='lat' dir='ltr'><strong>sopore</strong></span> <span class='ocrx_word' id='word_1_119' title='bbox 418 1238 572 1295; x_wconf 87' lang='lat' dir='ltr'><strong>docet,</strong></span> <span class='ocrx_word' id='word_1_120' title='bbox 591 1237 708 1300; x_wconf 87' lang='lat' dir='ltr'><strong>quid</strong></span> <span class='ocrx_word' id='word_1_121' title='bbox 739 1237 818 1295; x_wconf 90' lang='lat' dir='ltr'><strong>sit,</strong></span> <span class='ocrx_word' id='word_1_122' title='bbox 838 1242 887 1284; x_wconf 92' lang='lat' dir='ltr'><strong>et</strong></span> <span class='ocrx_word' id='word_1_123' title='bbox 914 1237 1042 1284; x_wconf 88' lang='lat' dir='ltr'><strong>unde</strong></span> <span class='ocrx_word' id='word_1_124' title='bbox 1072 1241 1207 1284; x_wconf 84' lang='lat' dir='ltr'><strong>tanta</strong></span> <span class='ocrx_word' id='word_1_125' title='bbox 1238 1236 1343 1296; x_wconf 86' lang='lat' dir='ltr'><strong>ejus</strong></span> <span class='ocrx_word' id='word_1_126' title='bbox 1376 1234 1627 1281; x_wconf 82' lang='lat' dir='ltr'><strong>diversitas</strong></span> <span class='ocrx_word' id='word_1_127' title='bbox 1648 1232 1718 1296; x_wconf 76' lang='grc' dir='ltr'><strong>[ν.</strong></span> <span class='ocrx_word' id='word_1_128' title='bbox 1741 1232 1903 1284; x_wconf 79' lang='lat'>61⁷-</span> 
     </span>
     <span class='ocr_line' id='line_1_16' title="bbox 228 1313 1903 1381; baseline -0.003 -16"><span class='ocrx_word' id='word_1_129' title='bbox 228 1316 366 1381; x_wconf 69' lang='grc'><strong>674].</strong></span> <span class='ocrx_word' id='word_1_130' title='bbox 424 1318 502 1365; x_wconf 92' lang='lat' dir='ltr'><strong>De</strong></span> <span class='ocrx_word' id='word_1_131' title='bbox 522 1320 668 1375; x_wconf 80' lang='lat' dir='ltr'><strong>odore,</strong></span> <span class='ocrx_word' id='word_1_132' title='bbox 692 1332 787 1380; x_wconf 88' lang='lat' dir='ltr'><strong>quo</strong></span> <span class='ocrx_word' id='word_1_133' title='bbox 809 1317 949 1364; x_wconf 90' lang='lat' dir='ltr'><strong>modo</strong></span> <span class='ocrx_word' id='word_1_134' title='bbox 972 1317 1187 1375; x_wconf 81' lang='lat' dir='ltr'><strong>exsistat,</strong></span> <span class='ocrx_word' id='word_1_135' title='bbox 1209 1320 1256 1363; x_wconf 93' lang='lat' dir='ltr'><strong>et</strong></span> <span class='ocrx_word' id='word_1_136' title='bbox 1278 1329 1366 1362; x_wconf 91' lang='lat' dir='ltr'><strong>cur</strong></span> <span class='ocrx_word' id='word_1_137' title='bbox 1387 1314 1496 1362; x_wconf 87' lang='lat' dir='ltr'><strong>aliis</strong></span> <span class='ocrx_word' id='word_1_138' title='bbox 1518 1313 1643 1362; x_wconf 89' lang='lat' dir='ltr'><strong>alius</strong></span> <span class='ocrx_word' id='word_1_139' title='bbox 1664 1314 1821 1376; x_wconf 88' lang='lat' dir='ltr'><strong>magis</strong></span> <span class='ocrx_word' id='word_1_140' title='bbox 1840 1314 1903 1361; x_wconf 89' lang='lat' dir='ltr'><strong>sit</strong></span> 
     </span>
     <span class='ocr_line' id='line_1_17' title="bbox 227 1393 1902 1460; baseline -0.002 -16"><span class='ocrx_word' id='word_1_141' title='bbox 227 1402 371 1460; x_wconf 78' lang='lat' dir='ltr'><strong>aptus</strong></span> <span class='ocrx_word' id='word_1_142' title='bbox 395 1395 468 1459; x_wconf 82' lang='lat' dir='ltr'><strong>[v.</strong></span> <span class='ocrx_word' id='word_1_143' title='bbox 490 1395 803 1460; x_wconf 79' lang='lat'><strong>675—688];</strong></span> <span class='ocrx_word' id='word_1_144' title='bbox 837 1402 1082 1459; x_wconf 85' lang='lat' dir='ltr'><strong>comparat</strong></span> <span class='ocrx_word' id='word_1_145' title='bbox 1109 1396 1317 1443; x_wconf 90' lang='lat' dir='ltr'><strong>eundem</strong></span> <span class='ocrx_word' id='word_1_146' title='bbox 1342 1409 1457 1442; x_wconf 87' lang='lat' dir='ltr'><strong>cnm</strong></span> <span class='ocrx_word' id='word_1_147' title='bbox 1482 1393 1651 1441; x_wconf 89' lang='lat' dir='ltr'><strong>ceteris</strong></span> <span class='ocrx_word' id='word_1_148' title='bbox 1681 1393 1902 1441; x_wconf 87' lang='lat' dir='ltr'><strong>sensibus</strong></span> 
     </span>
     <span class='ocr_line' id='line_1_18' title="bbox 230 1472 1901 1541; baseline -0.001 -17"><span class='ocrx_word' id='word_1_149' title='bbox 230 1472 301 1536; x_wconf 85' lang='lat' dir='ltr'><strong>[v.</strong></span> <span class='ocrx_word' id='word_1_150' title='bbox 325 1476 626 1541; x_wconf 82' lang='lat' dir='ltr'><strong>689—707J,</strong></span> <span class='ocrx_word' id='word_1_151' title='bbox 647 1476 869 1540; x_wconf 86' lang='lat' dir='ltr'><strong>inprimis</strong></span> <span class='ocrx_word' id='word_1_152' title='bbox 889 1491 1004 1524; x_wconf 90' lang='lat' dir='ltr'><strong>cum</strong></span> <span class='ocrx_word' id='word_1_153' title='bbox 1025 1476 1150 1535; x_wconf 81' lang='lat' dir='ltr'><strong>visu,</strong></span> <span class='ocrx_word' id='word_1_154' title='bbox 1174 1490 1320 1539; x_wconf 86' lang='lat' dir='ltr'><strong>quem</strong></span> <span class='ocrx_word' id='word_1_155' title='bbox 1349 1474 1532 1539; x_wconf 86' lang='lat' dir='ltr'><strong>species</strong></span> <span class='ocrx_word' id='word_1_156' title='bbox 1560 1481 1703 1539; x_wconf 87' lang='lat' dir='ltr'><strong>atque</strong></span> <span class='ocrx_word' id='word_1_157' title='bbox 1721 1474 1901 1524; x_wconf 88' lang='lat' dir='ltr'><strong>colores</strong></span> 
     </span>
     <span class='ocr_line' id='line_1_19' title="bbox 226 1555 1897 1620; baseline 0.001 -17"><span class='ocrx_word' id='word_1_158' title='bbox 226 1571 391 1605; x_wconf 87' lang='lat' dir='ltr'><strong>rerum</strong></span> <span class='ocrx_word' id='word_1_159' title='bbox 422 1559 590 1606; x_wconf 89' lang='lat' dir='ltr'><strong>eodem</strong></span> <span class='ocrx_word' id='word_1_160' title='bbox 620 1557 764 1607; x_wconf 89' lang='lat' dir='ltr'><strong>modo</strong></span> <span class='ocrx_word' id='word_1_161' title='bbox 795 1557 1007 1606; x_wconf 85' lang='lat' dir='ltr'><strong>afficiant</strong></span> <span class='ocrx_word' id='word_1_162' title='bbox 1030 1555 1101 1619; x_wconf 73' lang='grc' dir='ltr'><strong>[ν.</strong></span> <span class='ocrx_word' id='word_1_163' title='bbox 1127 1555 1422 1620; x_wconf 82' lang='grc'><strong>708-723].</strong></span> <span class='ocrx_word' id='word_1_164' title='bbox 1488 1558 1617 1606; x_wconf 80' lang='lat' dir='ltr'><strong>Tum</strong></span> <span class='ocrx_word' id='word_1_165' title='bbox 1648 1559 1707 1606; x_wconf 91' lang='lat' dir='ltr'><strong>de</strong></span> <span class='ocrx_word' id='word_1_166' title='bbox 1731 1561 1897 1619; x_wconf 84' lang='lat' dir='ltr'><strong>imagi-</strong></span> 
     </span>
     <span class='ocr_line' id='line_1_20' title="bbox 226 1637 1895 1700; baseline 0.001 -17"><span class='ocrx_word' id='word_1_167' title='bbox 226 1640 409 1685; x_wconf 76' lang='lat' dir='ltr'><strong>natione</strong></span> <span class='ocrx_word' id='word_1_168' title='bbox 438 1643 582 1700; x_wconf 89' lang='lat' dir='ltr'><strong>atque</strong></span> <span class='ocrx_word' id='word_1_169' title='bbox 609 1641 881 1700; x_wconf 73' lang='lat' dir='ltr'><strong>cogitatione</strong></span> <span class='ocrx_word' id='word_1_170' title='bbox 909 1637 1035 1700; x_wconf 75' lang='lat' dir='ltr'><strong>agit:</strong></span> <span class='ocrx_word' id='word_1_171' title='bbox 1082 1652 1206 1699; x_wconf 83' lang='lat' dir='ltr'><strong>quae</strong></span> <span class='ocrx_word' id='word_1_172' title='bbox 1238 1637 1468 1685; x_wconf 87' lang='lat' dir='ltr'><strong>exsistant</strong></span> <span class='ocrx_word' id='word_1_173' title='bbox 1498 1652 1583 1700; x_wconf 87' lang='lat' dir='ltr'><strong>per</strong></span> <span class='ocrx_word' id='word_1_174' title='bbox 1614 1652 1783 1685; x_wconf 88' lang='lat' dir='ltr'><strong>sensus</strong></span> <span class='ocrx_word' id='word_1_175' title='bbox 1813 1651 1895 1684; x_wconf 86' lang='lat' dir='ltr'><strong>ex-</strong></span> 
     </span>
     <span class='ocr_line' id='line_1_21' title="bbox 228 1714 1901 1778; baseline 0 -15"><span class='ocrx_word' id='word_1_176' title='bbox 228 1721 406 1778; x_wconf 85' lang='lat' dir='ltr'><strong>ternos,</strong></span> <span class='ocrx_word' id='word_1_177' title='bbox 438 1718 733 1765; x_wconf 87' lang='lat' dir='ltr'><strong>tenuissimis</strong></span> <span class='ocrx_word' id='word_1_178' title='bbox 763 1732 925 1765; x_wconf 90' lang='lat' dir='ltr'><strong>rerum</strong></span> <span class='ocrx_word' id='word_1_179' title='bbox 965 1714 1237 1765; x_wconf 84' lang='lat' dir='ltr'><strong>simulacris</strong></span> <span class='ocrx_word' id='word_1_180' title='bbox 1269 1717 1445 1765; x_wconf 90' lang='lat' dir='ltr'><strong>horum</strong></span> <span class='ocrx_word' id='word_1_181' title='bbox 1480 1731 1569 1778; x_wconf 89' lang='lat' dir='ltr'><strong>ope</strong></span> <span class='ocrx_word' id='word_1_182' title='bbox 1601 1716 1654 1765; x_wconf 91' lang='lat' dir='ltr'><strong>in</strong></span> <span class='ocrx_word' id='word_1_183' title='bbox 1690 1722 1901 1764; x_wconf 88' lang='lat' dir='ltr'><strong>mentem</strong></span> 
     </span>
     <span class='ocr_line' id='line_1_22' title="bbox 226 1788 1902 1859; baseline 0.001 -18"><span class='ocrx_word' id='word_1_184' title='bbox 226 1794 582 1842; x_wconf 82' lang='lat' dir='ltr'><strong>incurrentibus</strong></span> <span class='ocrx_word' id='word_1_185' title='bbox 627 1793 701 1855; x_wconf 84' lang='lat' dir='ltr'><strong>[v.</strong></span> <span class='ocrx_word' id='word_1_186' title='bbox 734 1788 1032 1857; x_wconf 71' lang='lat' dir='ltr'><strong>7‘24—75SJ.</strong></span> <span class='ocrx_word' id='word_1_187' title='bbox 1122 1793 1246 1842; x_wconf 89' lang='lat' dir='ltr'><strong>Inde</strong></span> <span class='ocrx_word' id='word_1_188' title='bbox 1287 1797 1569 1859; x_wconf 85' lang='lat' dir='ltr'><strong>explicanda</strong></span> <span class='ocrx_word' id='word_1_189' title='bbox 1605 1797 1902 1845; x_wconf 89' lang='lat' dir='ltr'><strong>somniorum</strong></span> 
     </span>
     <span class='ocr_line' id='line_1_23' title="bbox 227 1871 1902 1940; baseline 0.001 -19"><span class='ocrx_word' id='word_1_190' title='bbox 227 1874 350 1921; x_wconf 89' lang='lat' dir='ltr'><strong>ratio</strong></span> <span class='ocrx_word' id='word_1_191' title='bbox 395 1871 465 1935; x_wconf 76' lang='grc' dir='ltr'><strong>[ν.</strong></span> <span class='ocrx_word' id='word_1_192' title='bbox 515 1871 823 1935; x_wconf 83' lang='grc'><strong>769-778];</strong></span> <span class='ocrx_word' id='word_1_193' title='bbox 881 1873 995 1920; x_wconf 90' lang='lat' dir='ltr'><strong>inde</strong></span> <span class='ocrx_word' id='word_1_194' title='bbox 1037 1873 1263 1921; x_wconf 87' lang='lat' dir='ltr'><strong>solvenda</strong></span> <span class='ocrx_word' id='word_1_195' title='bbox 1306 1877 1524 1939; x_wconf 83' lang='lat' dir='ltr'><strong>quaestio,</strong></span> <span class='ocrx_word' id='word_1_196' title='bbox 1569 1892 1730 1940; x_wconf 87' lang='lat' dir='ltr'><strong>quare,</strong></span> <span class='ocrx_word' id='word_1_197' title='bbox 1774 1875 1902 1938; x_wconf 86' lang='lat' dir='ltr'><strong>quod</strong></span> 
     </span>
     <span class='ocr_line' id='line_1_24' title="bbox 229 1948 1903 2015; baseline 0.001 -16"><span class='ocrx_word' id='word_1_198' title='bbox 229 1952 403 2014; x_wconf 87' lang='lat' dir='ltr'><strong>cuique</strong></span> <span class='ocrx_word' id='word_1_199' title='bbox 438 1951 648 2008; x_wconf 84' lang='lat' dir='ltr'><strong>libuerit,</strong></span> <span class='ocrx_word' id='word_1_200' title='bbox 685 1951 737 1998; x_wconf 92' lang='lat' dir='ltr'><strong>id</strong></span> <span class='ocrx_word' id='word_1_201' title='bbox 771 1951 948 2012; x_wconf 77' lang='lat' dir='ltr'><strong>cogitet</strong></span> <span class='ocrx_word' id='word_1_202' title='bbox 979 1948 1052 2012; x_wconf 82' lang='lat' dir='ltr'><strong>[v.</strong></span> <span class='ocrx_word' id='word_1_203' title='bbox 1083 1951 1386 2015; x_wconf 81' lang='lat'><strong>779—808];</strong></span> <span class='ocrx_word' id='word_1_204' title='bbox 1430 1956 1543 2002; x_wconf 92' lang='lat' dir='ltr'><strong>inde</strong></span> <span class='ocrx_word' id='word_1_205' title='bbox 1568 1955 1701 2002; x_wconf 78' lang='lat' dir='ltr'><strong>fraus</strong></span> <span class='ocrx_word' id='word_1_206' title='bbox 1727 1954 1903 2002; x_wconf 87' lang='lat' dir='ltr'><strong>intelli-</strong></span> 
     </span>
     <span class='ocr_line' id='line_1_25' title="bbox 226 2030 1905 2095; baseline 0.001 -16"><span class='ocrx_word' id='word_1_207' title='bbox 226 2031 399 2093; x_wconf 87' lang='lat' dir='ltr'><strong>genda,</strong></span> <span class='ocrx_word' id='word_1_208' title='bbox 421 2032 474 2078; x_wconf 89' lang='lat' dir='ltr'><strong>in</strong></span> <span class='ocrx_word' id='word_1_209' title='bbox 497 2045 659 2093; x_wconf 87' lang='lat' dir='ltr'><strong>quam,</strong></span> <span class='ocrx_word' id='word_1_210' title='bbox 686 2030 955 2077; x_wconf 81' lang='lat' dir='ltr'><strong>simulacris</strong></span> <span class='ocrx_word' id='word_1_211' title='bbox 977 2036 1065 2077; x_wconf 91' lang='lat' dir='ltr'><strong>aut</strong></span> <span class='ocrx_word' id='word_1_212' title='bbox 1083 2045 1255 2093; x_wconf 77' lang='lat' dir='ltr'><strong>parurn</strong></span> <span class='ocrx_word' id='word_1_213' title='bbox 1276 2040 1415 2081; x_wconf 88' lang='lat' dir='ltr'><strong>acute</strong></span> <span class='ocrx_word' id='word_1_214' title='bbox 1434 2033 1655 2095; x_wconf 80' lang='lat' dir='ltr'><strong>cognitis,</strong></span> <span class='ocrx_word' id='word_1_215' title='bbox 1675 2039 1762 2081; x_wconf 90' lang='lat' dir='ltr'><strong>aut</strong></span> <span class='ocrx_word' id='word_1_216' title='bbox 1779 2033 1905 2080; x_wconf 87' lang='lat' dir='ltr'><strong>inter</strong></span> 
     </span>
     <span class='ocr_line' id='line_1_26' title="bbox 228 2109 1902 2175; baseline -0.001 -16"><span class='ocrx_word' id='word_1_217' title='bbox 228 2127 280 2159; x_wconf 90' lang='lat' dir='ltr'><strong>se</strong></span> <span class='ocrx_word' id='word_1_218' title='bbox 311 2111 610 2175; x_wconf 80' lang='lat' dir='ltr'><strong>permutatis,</strong></span> <span class='ocrx_word' id='word_1_219' title='bbox 643 2124 772 2172; x_wconf 84' lang='lat' dir='ltr'><strong>saepe</strong></span> <span class='ocrx_word' id='word_1_220' title='bbox 801 2110 1079 2157; x_wconf 79' lang='lat' dir='ltr'><strong>inducimur</strong></span> <span class='ocrx_word' id='word_1_221' title='bbox 1114 2109 1185 2173; x_wconf 82' lang='lat' dir='ltr'><strong>[v.</strong></span> <span class='ocrx_word' id='word_1_222' title='bbox 1222 2111 1521 2175; x_wconf 81' lang='lat' dir='ltr'><strong>809—823J.</strong></span> <span class='ocrx_word' id='word_1_223' title='bbox 1588 2112 1718 2159; x_wconf 80' lang='lat' dir='ltr'><strong>Turn</strong></span> <span class='ocrx_word' id='word_1_224' title='bbox 1751 2112 1902 2169; x_wconf 85' lang='lat' dir='ltr'><strong>docet,</strong></span> 
     </span>
     <span class='ocr_line' id='line_1_27' title="bbox 227 2188 1902 2253; baseline -0.001 -15"><span class='ocrx_word' id='word_1_225' title='bbox 227 2190 462 2252; x_wconf 81' lang='lat' dir='ltr'><strong>linguam,</strong></span> <span class='ocrx_word' id='word_1_226' title='bbox 484 2188 663 2247; x_wconf 83' lang='lat' dir='ltr'><strong>oculos,</strong></span> <span class='ocrx_word' id='word_1_227' title='bbox 694 2203 849 2246; x_wconf 86' lang='lat' dir='ltr'><strong>aures,</strong></span> <span class='ocrx_word' id='word_1_228' title='bbox 870 2202 1027 2246; x_wconf 87' lang='lat' dir='ltr'><strong>nares,</strong></span> <span class='ocrx_word' id='word_1_229' title='bbox 1051 2189 1214 2236; x_wconf 88' lang='lat' dir='ltr'><strong>omnia</strong></span> <span class='ocrx_word' id='word_1_230' title='bbox 1234 2189 1440 2253; x_wconf 87' lang='lat' dir='ltr'><strong>denique</strong></span> <span class='ocrx_word' id='word_1_231' title='bbox 1471 2204 1703 2238; x_wconf 89' lang='lat' dir='ltr'><strong>sensuum</strong></span> <span class='ocrx_word' id='word_1_232' title='bbox 1721 2189 1902 2237; x_wconf 89' lang='lat' dir='ltr'><strong>instru-</strong></span> 
     </span>
     <span class='ocr_line' id='line_1_28' title="bbox 226 2270 1903 2333; baseline 0.001 -16"><span class='ocrx_word' id='word_1_233' title='bbox 226 2276 390 2318; x_wconf 89' lang='lat' dir='ltr'><strong>menta</strong></span> <span class='ocrx_word' id='word_1_234' title='bbox 409 2270 545 2333; x_wconf 85' lang='lat' dir='ltr'><strong>prius</strong></span> <span class='ocrx_word' id='word_1_235' title='bbox 575 2275 687 2317; x_wconf 84' lang='lat' dir='ltr'><strong>nata</strong></span> <span class='ocrx_word' id='word_1_236' title='bbox 706 2277 825 2326; x_wconf 85' lang='lat' dir='ltr'><strong>esse,</strong></span> <span class='ocrx_word' id='word_1_237' title='bbox 850 2283 995 2332; x_wconf 86' lang='lat' dir='ltr'><strong>quam</strong></span> <span class='ocrx_word' id='word_1_238' title='bbox 1017 2284 1186 2318; x_wconf 87' lang='lat' dir='ltr'><strong>eorum</strong></span> <span class='ocrx_word' id='word_1_239' title='bbox 1207 2284 1352 2318; x_wconf 88' lang='lat' dir='ltr'><strong>usum</strong></span> <span class='ocrx_word' id='word_1_240' title='bbox 1370 2287 1383 2317; x_wconf 71' lang='grc' dir='ltr'><em>ε</em></span> <span class='ocrx_word' id='word_1_241' title='bbox 1420 2285 1558 2318; x_wconf 85' lang='lat' dir='ltr'><strong>secus</strong></span> <span class='ocrx_word' id='word_1_242' title='bbox 1579 2275 1692 2319; x_wconf 77' lang='lat' dir='ltr'><strong>vero</strong></span> <span class='ocrx_word' id='word_1_243' title='bbox 1711 2271 1764 2318; x_wconf 87' lang='lat' dir='ltr'><strong>in</strong></span> <span class='ocrx_word' id='word_1_244' title='bbox 1786 2270 1903 2318; x_wconf 86' lang='lat' dir='ltr'><strong>arti·</strong></span> 
     </span>
     <span class='ocr_line' id='line_1_29' title="bbox 226 2348 1906 2413; baseline 0.001 -17"><span class='ocrx_word' id='word_1_245' title='bbox 226 2348 403 2402; x_wconf 81' lang='lat' dir='ltr'><strong>ficiosis</strong></span> <span class='ocrx_word' id='word_1_246' title='bbox 433 2350 595 2406; x_wconf 88' lang='lat' dir='ltr'><strong>rebus,</strong></span> <span class='ocrx_word' id='word_1_247' title='bbox 622 2365 733 2411; x_wconf 82' lang='lat' dir='ltr'><strong>quae</strong></span> <span class='ocrx_word' id='word_1_248' title='bbox 766 2348 997 2411; x_wconf 81' lang='lat' dir='ltr'><strong>prodeant</strong></span> <span class='ocrx_word' id='word_1_249' title='bbox 1026 2364 1088 2396; x_wconf 82' lang='lat' dir='ltr'><strong>ex</strong></span> <span class='ocrx_word' id='word_1_250' title='bbox 1119 2349 1325 2412; x_wconf 80' lang='lat' dir='ltr'><strong>praevisa</strong></span> <span class='ocrx_word' id='word_1_251' title='bbox 1355 2350 1621 2413; x_wconf 84' lang='lat' dir='ltr'><strong>indigentia</strong></span> <span class='ocrx_word' id='word_1_252' title='bbox 1648 2349 1721 2413; x_wconf 82' lang='lat' dir='ltr'><strong>[v.</strong></span> <span class='ocrx_word' id='word_1_253' title='bbox 1745 2352 1906 2398; x_wconf 78' lang='lat'>824—-</span> 
     </span>
     <span class='ocr_line' id='line_1_30' title="bbox 229 2427 1906 2495; baseline 0.002 -20"><span class='ocrx_word' id='word_1_254' title='bbox 229 2427 370 2490; x_wconf 64' lang='lat'><strong>877}</strong></span> <span class='ocrx_word' id='word_1_255' title='bbox 441 2428 608 2476; x_wconf 81' lang='lat' dir='ltr'><strong>Etiam</strong></span> <span class='ocrx_word' id='word_1_256' title='bbox 644 2435 807 2476; x_wconf 86' lang='lat' dir='ltr'><strong>motus</strong></span> <span class='ocrx_word' id='word_1_257' title='bbox 848 2428 1136 2477; x_wconf 85' lang='lat' dir='ltr'><strong>animalium</strong></span> <span class='ocrx_word' id='word_1_258' title='bbox 1167 2429 1438 2478; x_wconf 81' lang='lat' dir='ltr'><strong>voluntaria</strong></span> <span class='ocrx_word' id='word_1_259' title='bbox 1470 2445 1665 2495; x_wconf 70' lang='lat' dir='ltr'><strong>causam</strong></span> <span class='ocrx_word' id='word_1_260' title='bbox 1707 2445 1813 2478; x_wconf 89' lang='lat' dir='ltr'><strong>esse</strong></span> <span class='ocrx_word' id='word_1_261' title='bbox 1851 2431 1906 2477; x_wconf 91' lang='lat' dir='ltr'><strong>in</strong></span> 
     </span>
     <span class='ocr_line' id='line_1_31' title="bbox 220 2506 1906 2574; baseline 0.005 -23"><span class='ocrx_word' id='word_1_262' title='bbox 220 2506 500 2555; x_wconf 81' lang='lat' dir='ltr'><strong>‘simulacris</strong></span> <span class='ocrx_word' id='word_1_263' title='bbox 533 2507 822 2570; x_wconf 87' lang='lat' dir='ltr'><strong>quibusdam</strong></span> <span class='ocrx_word' id='word_1_264' title='bbox 861 2509 922 2556; x_wconf 89' lang='lat' dir='ltr'><strong>ad</strong></span> <span class='ocrx_word' id='word_1_265' title='bbox 953 2510 1214 2558; x_wconf 87' lang='lat' dir='ltr'><strong>meandum</strong></span> <span class='ocrx_word' id='word_1_266' title='bbox 1254 2512 1393 2573; x_wconf 87' lang='lat' dir='ltr'><strong>aptis,</strong></span> <span class='ocrx_word' id='word_1_267' title='bbox 1423 2527 1534 2574; x_wconf 84' lang='lat' dir='ltr'><strong>quae</strong></span> <span class='ocrx_word' id='word_1_268' title='bbox 1568 2512 1786 2574; x_wconf 89' lang='lat' dir='ltr'><strong>impulsu</strong></span> <span class='ocrx_word' id='word_1_269' title='bbox 1815 2527 1906 2559; x_wconf 87' lang='lat' dir='ltr'><strong>suo</strong></span> 
     </span>
     <span class='ocr_line' id='line_1_32' title="bbox 227 2583 1905 2655; baseline 0.005 -25"><span class='ocrx_word' id='word_1_270' title='bbox 227 2583 524 2633; x_wconf 84' lang='lat' dir='ltr'><strong>voluntatem</strong></span> <span class='ocrx_word' id='word_1_271' title='bbox 558 2586 784 2635; x_wconf 83' lang='lat' dir='ltr'><strong>movendi</strong></span> <span class='ocrx_word' id='word_1_272' title='bbox 814 2586 867 2635; x_wconf 86' lang='lat' dir='ltr'><strong>in</strong></span> <span class='ocrx_word' id='word_1_273' title='bbox 898 2587 1061 2636; x_wconf 84' lang='lat' dir='ltr'><strong>animo</strong></span> <span class='ocrx_word' id='word_1_274' title='bbox 1092 2590 1302 2637; x_wconf 86' lang='lat' dir='ltr'><strong>excitent</strong></span> <span class='ocrx_word' id='word_1_275' title='bbox 1334 2589 1407 2654; x_wconf 75' lang='grc' dir='ltr'><strong>[ν.</strong></span> <span class='ocrx_word' id='word_1_276' title='bbox 1444 2590 1745 2655; x_wconf 78' lang='grc'><strong>878-907].</strong></span> <span class='ocrx_word' id='word_1_277' title='bbox 1824 2592 1905 2639; x_wconf 89' lang='lat' dir='ltr'><strong>Ab</strong></span> 
     </span>
    </p>
   </div>
   <div class='ocr_carea' id='block_1_6' title="bbox 2069 1031 2080 1536">
    <p class='ocr_par' dir='ltr' id='par_1_6' title="bbox 2069 1031 2080 1536">
     <span class='ocr_line' id='line_1_33' title="bbox 2069 1031 2080 1536; baseline 0 0"><span class='ocrx_word' id='word_1_278' title='bbox 2069 1031 2080 1536; x_wconf 95' lang='lat' dir='ltr'><strong> </strong></span> 
     </span>
    </p>
   </div>
  </div>
 </body>
</html>
