<?xml version="1.0" encoding="UTF-8"?>
<!DOCTYPE html PUBLIC "-//W3C//DTD XHTML 1.0 Transitional//EN"
    "http://www.w3.org/TR/xhtml1/DTD/xhtml1-transitional.dtd">
<html xmlns="http://www.w3.org/1999/xhtml" xml:lang="en" lang="en">
 <head>
  <title>
</title>
<meta http-equiv="Content-Type" content="text/html;charset=utf-8" />
  <meta name='ocr-system' content='tesseract 3.04.00' />
  <meta name='ocr-capabilities' content='ocr_page ocr_carea ocr_par ocr_line ocrx_word'/>
</head>
<body>
  <div class='ocr_page' id='page_1' title='image "./tlucretiicaride04carugoog_0090.png"; bbox 0 0 2084 3000; ppageno 0'>
   <div class='ocr_carea' id='block_1_1' title="bbox 195 163 1250 218">
    <p class='ocr_par' dir='ltr' id='par_1_1' title="bbox 195 163 1250 218">
     <span class='ocr_line' id='line_1_1' title="bbox 195 163 1250 218; baseline -0.002 0"><span class='ocrx_word' id='word_1_1' title='bbox 195 163 262 218; x_wconf 86' lang='grc'>70</span> <span class='ocrx_word' id='word_1_2' title='bbox 824 165 881 217; x_wconf 78' lang='grc' dir='ltr'>Τ.</span> <span class='ocrx_word' id='word_1_3' title='bbox 917 165 1250 217; x_wconf 79' lang='lat' dir='ltr'>LUCRETII</span> 
     </span>
    </p>
   </div>
   <div class='ocr_carea' id='block_1_2' title="bbox 190 308 1866 1292">
    <p class='ocr_par' dir='ltr' id='par_1_2' title="bbox 624 308 1441 378">
     <span class='ocr_line' id='line_1_2' title="bbox 624 308 1441 378; baseline 0 -17"><span class='ocrx_word' id='word_1_4' title='bbox 624 308 789 362; x_wconf 74' lang='lat' dir='ltr'><em>Nihil</em></span> <span class='ocrx_word' id='word_1_5' title='bbox 808 309 923 378; x_wconf 73' lang='lat' dir='ltr'>ayit</span> <span class='ocrx_word' id='word_1_6' title='bbox 945 318 1141 363; x_wconf 77' lang='lat' dir='ltr'>natura</span> <span class='ocrx_word' id='word_1_7' title='bbox 1163 310 1277 362; x_wconf 72' lang='lat' dir='ltr'>eine</span> <span class='ocrx_word' id='word_1_8' title='bbox 1299 309 1441 362; x_wconf 67' lang='lat' dir='ltr'><strong><em>Diis.</em></strong></span> 
     </span>
    </p>

    <p class='ocr_par' dir='ltr' id='par_1_3' title="bbox 195 400 1541 470">
     <span class='ocr_line' id='line_1_3' title="bbox 195 400 1541 470; baseline 0 -17"><span class='ocrx_word' id='word_1_9' title='bbox 195 400 223 453; x_wconf 93' lang='lat'>1</span> <span class='ocrx_word' id='word_1_10' title='bbox 261 418 319 454; x_wconf 84' lang='lat' dir='ltr'>sa</span> <span class='ocrx_word' id='word_1_11' title='bbox 341 417 438 454; x_wconf 85' lang='lat' dir='ltr'>sua</span> <span class='ocrx_word' id='word_1_12' title='bbox 575 416 630 453; x_wconf 85' lang='lat' dir='ltr'>se</span> <span class='ocrx_word' id='word_1_13' title='bbox 653 409 836 470; x_wconf 84' lang='lat' dir='ltr'>sponte</span> <span class='ocrx_word' id='word_1_14' title='bbox 858 402 1035 454; x_wconf 79' lang='lat' dir='ltr'>omnia</span> <span class='ocrx_word' id='word_1_15' title='bbox 1058 402 1143 455; x_wconf 81' lang='lat' dir='ltr'>dis</span> <span class='ocrx_word' id='word_1_16' title='bbox 1166 419 1319 470; x_wconf 81' lang='lat' dir='ltr'>agere</span> <span class='ocrx_word' id='word_1_17' title='bbox 1343 418 1541 470; x_wconf 81' lang='lat' dir='ltr'>expers.</span> 
     </span>
    </p>

    <p class='ocr_par' dir='ltr' id='par_1_4' title="bbox 190 469 1866 1292">
     <span class='ocr_line' id='line_1_4' title="bbox 246 469 1585 589; baseline -0.001 -67"><span class='ocrx_word' id='word_1_18' title='bbox 246 486 348 537; x_wconf 84' lang='lat' dir='ltr'>am,</span> <span class='ocrx_word' id='word_1_19' title='bbox 370 486 464 589; x_wconf 44' lang='lat' dir='ltr'>{mo</span> <span class='ocrx_word' id='word_1_20' title='bbox 525 475 711 522; x_wconf 82' lang='lat' dir='ltr'>sancta</span> <span class='ocrx_word' id='word_1_21' title='bbox 730 469 888 522; x_wconf 76' lang='lat' dir='ltr'>desim</span> <span class='ocrx_word' id='word_1_22' title='bbox 912 471 1200 539; x_wconf 83' lang='lat' dir='ltr'>tranquilla</span> <span class='ocrx_word' id='word_1_23' title='bbox 1224 476 1432 539; x_wconf 83' lang='lat' dir='ltr'>pectora</span> <span class='ocrx_word' id='word_1_24' title='bbox 1456 485 1585 538; x_wconf 82' lang='lat' dir='ltr'>pace</span> 
     </span>
     <span class='ocr_line' id='line_1_5' title="bbox 194 537 1687 607; baseline 0.001 -18"><span class='ocrx_word' id='word_1_25' title='bbox 194 538 323 603; x_wconf 85' lang='lat' dir='ltr'>Quae</span> <span class='ocrx_word' id='word_1_26' title='bbox 346 555 383 606; x_wconf 91' lang='lat' dir='ltr'><strong>p</strong></span> <span class='ocrx_word' id='word_1_27' title='bbox 405 537 613 592; x_wconf 88' lang='lat' dir='ltr'>acidum</span> <span class='ocrx_word' id='word_1_28' title='bbox 637 538 837 605; x_wconf 88' lang='lat' dir='ltr'>degunt</span> <span class='ocrx_word' id='word_1_29' title='bbox 860 556 1030 590; x_wconf 82' lang='lat' dir='ltr'>aevum</span> <span class='ocrx_word' id='word_1_30' title='bbox 1055 539 1389 607; x_wconf 87' lang='lat' dir='ltr'>multumque</span> <span class='ocrx_word' id='word_1_31' title='bbox 1413 554 1652 590; x_wconf 86' lang='lat' dir='ltr'>serenum</span> <span class='ocrx_word' id='word_1_32' title='bbox 1675 540 1687 591; x_wconf 69' lang='grc' dir='ltr'>ἔ</span> 
     </span>
     <span class='ocr_line' id='line_1_6' title="bbox 195 605 1711 676; baseline 0.001 -19"><span class='ocrx_word' id='word_1_33' title='bbox 195 606 323 670; x_wconf 81' lang='lat' dir='ltr'>Quis</span> <span class='ocrx_word' id='word_1_34' title='bbox 345 623 524 673; x_wconf 81' lang='lat' dir='ltr'>regere</span> <span class='ocrx_word' id='word_1_35' title='bbox 547 606 787 659; x_wconf 81' lang='lat' dir='ltr'>immensi</span> <span class='ocrx_word' id='word_1_36' title='bbox 810 624 1083 674; x_wconf 82' lang='lat' dir='ltr'>summam,</span> <span class='ocrx_word' id='word_1_37' title='bbox 1141 608 1225 660; x_wconf 90' lang='lat' dir='ltr'>uis</span> <span class='ocrx_word' id='word_1_38' title='bbox 1249 607 1439 659; x_wconf 82' lang='lat' dir='ltr'>habere</span> <span class='ocrx_word' id='word_1_39' title='bbox 1461 605 1711 676; x_wconf 87' lang='lat' dir='ltr'>profundi</span> 
     </span>
     <span class='ocr_line' id='line_1_7' title="bbox 191 673 1633 744; baseline -0.001 -17"><span class='ocrx_word' id='word_1_40' title='bbox 191 673 325 728; x_wconf 89' lang='lat' dir='ltr'>Indo</span> <span class='ocrx_word' id='word_1_41' title='bbox 346 691 510 729; x_wconf 86' lang='lat' dir='ltr'>manu</span> <span class='ocrx_word' id='word_1_42' title='bbox 532 675 735 729; x_wconf 78' lang='lat' dir='ltr'>validas</span> <span class='ocrx_word' id='word_1_43' title='bbox 754 676 892 744; x_wconf 82' lang='lat' dir='ltr'>potis</span> <span class='ocrx_word' id='word_1_44' title='bbox 914 681 994 729; x_wconf 84' lang='lat' dir='ltr'>est</span> <span class='ocrx_word' id='word_1_45' title='bbox 1016 694 1071 728; x_wconf 91' lang='lat' dir='ltr'>m</span> <span class='ocrx_word' id='word_1_46' title='bbox 1140 681 1345 730; x_wconf 85' lang='lat' dir='ltr'>eranter</span> <span class='ocrx_word' id='word_1_47' title='bbox 1366 674 1633 731; x_wconf 68' lang='lat' dir='ltr'>habenas?</span> 
     </span>
     <span class='ocr_line' id='line_1_8' title="bbox 193 742 1534 812; baseline 0.001 -17"><span class='ocrx_word' id='word_1_48' title='bbox 193 742 322 808; x_wconf 85' lang='lat' dir='ltr'>Quis</span> <span class='ocrx_word' id='word_1_49' title='bbox 343 743 540 812; x_wconf 82' lang='lat' dir='ltr'>pariter</span> <span class='ocrx_word' id='word_1_50' title='bbox 561 743 715 797; x_wconf 82' lang='lat' dir='ltr'>eoelos</span> <span class='ocrx_word' id='word_1_51' title='bbox 737 761 917 798; x_wconf 82' lang='lat' dir='ltr'>omnes</span> <span class='ocrx_word' id='word_1_52' title='bbox 938 750 1252 811; x_wconf 75' lang='lat' dir='ltr'>convertere,</span> <span class='ocrx_word' id='word_1_53' title='bbox 1277 749 1331 797; x_wconf 86' lang='lat' dir='ltr'>et</span> <span class='ocrx_word' id='word_1_54' title='bbox 1355 761 1534 797; x_wconf 84' lang='lat' dir='ltr'>omnes</span> 
     </span>
     <span class='ocr_line' id='line_1_9' title="bbox 194 810 1306 878; baseline 0.002 -15"><span class='ocrx_word' id='word_1_55' title='bbox 194 810 413 878; x_wconf 78' lang='lat' dir='ltr'>Ignibus</span> <span class='ocrx_word' id='word_1_56' title='bbox 438 811 667 864; x_wconf 84' lang='lat' dir='ltr'>aetheriis</span> <span class='ocrx_word' id='word_1_57' title='bbox 689 817 859 865; x_wconf 84' lang='lat' dir='ltr'>terras</span> <span class='ocrx_word' id='word_1_58' title='bbox 879 813 1054 865; x_wconf 86' lang='lat' dir='ltr'>suffire</span> <span class='ocrx_word' id='word_1_59' title='bbox 1077 813 1271 866; x_wconf 82' lang='lat' dir='ltr'>feraces</span> <span class='ocrx_word' id='word_1_60' title='bbox 1291 832 1306 876; x_wconf 82' lang='lat'><em>3</em></span> 
     </span>
     <span class='ocr_line' id='line_1_10' title="bbox 194 880 1526 950; baseline 0.001 -18"><span class='ocrx_word' id='word_1_61' title='bbox 194 880 449 933; x_wconf 78' lang='lat' dir='ltr'><strong>Omnibus</strong></span> <span class='ocrx_word' id='word_1_62' title='bbox 472 880 594 933; x_wconf 79' lang='lat' dir='ltr'>inve</span> <span class='ocrx_word' id='word_1_63' title='bbox 616 880 743 934; x_wconf 80' lang='lat' dir='ltr'>locis</span> <span class='ocrx_word' id='word_1_64' title='bbox 766 897 876 934; x_wconf 78' lang='lat' dir='ltr'>esse</span> <span class='ocrx_word' id='word_1_65' title='bbox 898 881 1041 934; x_wconf 88' lang='lat' dir='ltr'>omni</span> <span class='ocrx_word' id='word_1_66' title='bbox 1065 887 1297 950; x_wconf 83' lang='lat' dir='ltr'>tempore</span> <span class='ocrx_word' id='word_1_67' title='bbox 1320 885 1526 950; x_wconf 83' lang='lat' dir='ltr'>praesto‚</span> 
     </span>
     <span class='ocr_line' id='line_1_11' title="bbox 191 947 1432 1018; baseline 0.002 -18"><span class='ocrx_word' id='word_1_68' title='bbox 191 947 435 1001; x_wconf 82' lang='lat' dir='ltr'><strong>Nubibus</strong></span> <span class='ocrx_word' id='word_1_69' title='bbox 456 953 520 1001; x_wconf 86' lang='lat' dir='ltr'>ut</span> <span class='ocrx_word' id='word_1_70' title='bbox 542 949 784 1002; x_wconf 75' lang='lat' dir='ltr'><strong>tenebras</strong></span> <span class='ocrx_word' id='word_1_71' title='bbox 805 950 981 1016; x_wconf 84' lang='lat' dir='ltr'>faeiat,</span> <span class='ocrx_word' id='word_1_72' title='bbox 1006 949 1230 1018; x_wconf 81' lang='lat' dir='ltr'>coelique</span> <span class='ocrx_word' id='word_1_73' title='bbox 1250 966 1432 1003; x_wconf 80' lang='lat' dir='ltr'>serena</span> 
     </span>
     <span class='ocr_line' id='line_1_12' title="bbox 191 1016 1866 1085; baseline -0.002 -16"><span class='ocrx_word' id='word_1_74' title='bbox 191 1016 469 1073; x_wconf 80' lang='lat' dir='ltr'>Concutiat</span> <span class='ocrx_word' id='word_1_75' title='bbox 492 1016 706 1072; x_wconf 62' lang='lat' dir='ltr'>sonitu?</span> <span class='ocrx_word' id='word_1_76' title='bbox 740 1023 858 1071; x_wconf 87' lang='lat' dir='ltr'>tum</span> <span class='ocrx_word' id='word_1_77' title='bbox 879 1018 1108 1071; x_wconf 84' lang='lat' dir='ltr'>fulmina</span> <span class='ocrx_word' id='word_1_78' title='bbox 1129 1018 1326 1085; x_wconf 82' lang='lat' dir='ltr'>mittat,</span> <span class='ocrx_word' id='word_1_79' title='bbox 1350 1024 1406 1071; x_wconf 92' lang='lat' dir='ltr'>et</span> <span class='ocrx_word' id='word_1_80' title='bbox 1430 1017 1566 1070; x_wconf 79' lang='lat' dir='ltr'>aedes</span> <span class='ocrx_word' id='word_1_81' title='bbox 1727 1019 1866 1068; x_wconf 83' lang='lat'>1100</span> 
     </span>
     <span class='ocr_line' id='line_1_13' title="bbox 193 1083 1559 1154; baseline -0.003 -17"><span class='ocrx_word' id='word_1_82' title='bbox 193 1083 342 1154; x_wconf 82' lang='lat' dir='ltr'>Saepe</span> <span class='ocrx_word' id='word_1_83' title='bbox 365 1101 483 1138; x_wconf 84' lang='lat' dir='ltr'>suas</span> <span class='ocrx_word' id='word_1_84' title='bbox 508 1085 805 1150; x_wconf 55' lang='lat' dir='ltr'>&amp;umbem</span> <span class='ocrx_word' id='word_1_85' title='bbox 835 1087 971 1141; x_wconf 86' lang='lat' dir='ltr'>etin</span> <span class='ocrx_word' id='word_1_86' title='bbox 994 1086 1201 1139; x_wconf 73' lang='lat' dir='ltr'>deserta</span> <span class='ocrx_word' id='word_1_87' title='bbox 1222 1087 1470 1140; x_wconf 76' lang='lat' dir='ltr'>recedens</span> <span class='ocrx_word' id='word_1_88' title='bbox 1556 1129 1559 1133; x_wconf 88' lang='lat'>.</span> 
     </span>
     <span class='ocr_line' id='line_1_14' title="bbox 191 1151 1430 1224; baseline 0.001 -18"><span class='ocrx_word' id='word_1_89' title='bbox 191 1151 402 1220; x_wconf 79' lang='lat' dir='ltr'>8aeviat,</span> <span class='ocrx_word' id='word_1_90' title='bbox 427 1170 670 1207; x_wconf 65' lang='lat' dir='ltr'>exercens</span> <span class='ocrx_word' id='word_1_91' title='bbox 692 1154 875 1221; x_wconf 84' lang='lat' dir='ltr'>telum,</span> <span class='ocrx_word' id='word_1_92' title='bbox 899 1171 1001 1223; x_wconf 93' lang='lat' dir='ltr'>quo</span> <span class='ocrx_word' id='word_1_93' title='bbox 1025 1171 1164 1224; x_wconf 81' lang='lat' dir='ltr'>saepe</span> <span class='ocrx_word' id='word_1_94' title='bbox 1182 1160 1430 1208; x_wconf 74' lang='lat' dir='ltr'>nocentes</span> 
     </span>
     <span class='ocr_line' id='line_1_15' title="bbox 190 1221 1606 1292; baseline 0.001 -18"><span class='ocrx_word' id='word_1_95' title='bbox 190 1221 444 1289; x_wconf 86' lang='lat' dir='ltr'>Praeterit‚</span> <span class='ocrx_word' id='word_1_96' title='bbox 470 1222 842 1292; x_wconf 73' lang='lat' dir='ltr'>exanimatque</span> <span class='ocrx_word' id='word_1_97' title='bbox 863 1223 1110 1291; x_wconf 78' lang='lat' dir='ltr'>indignos</span> <span class='ocrx_word' id='word_1_98' title='bbox 1130 1224 1290 1292; x_wconf 87' lang='lat' dir='ltr'>inque</span> <span class='ocrx_word' id='word_1_99' title='bbox 1312 1227 1571 1276; x_wconf 82' lang='lat' dir='ltr'>merentes</span> <span class='ocrx_word' id='word_1_100' title='bbox 1589 1240 1606 1286; x_wconf 87' lang='lat'>;</span> 
     </span>
    </p>
   </div>
   <div class='ocr_carea' id='block_1_3' title="bbox 535 1327 1530 1385">
    <p class='ocr_par' dir='ltr' id='par_1_5' title="bbox 535 1327 1530 1385">
     <span class='ocr_line' id='line_1_16' title="bbox 535 1327 1530 1385; baseline -0.002 0"><span class='ocrx_word' id='word_1_101' title='bbox 535 1327 808 1385; x_wconf 59' lang='lat' dir='ltr'><strong><em>Mundam</em></strong></span> <span class='ocrx_word' id='word_1_102' title='bbox 830 1338 1018 1384; x_wconf 70' lang='lat' dir='ltr'>mcum</span> <span class='ocrx_word' id='word_1_103' title='bbox 1040 1338 1090 1384; x_wconf 79' lang='lat' dir='ltr'>et</span> <span class='ocrx_word' id='word_1_104' title='bbox 1109 1330 1298 1384; x_wconf 73' lang='lat' dir='ltr'>multos</span> <span class='ocrx_word' id='word_1_105' title='bbox 1318 1330 1530 1384; x_wconf 68' lang='lat' dir='ltr'>cimileo.</span> 
     </span>
    </p>
   </div>
   <div class='ocr_carea' id='block_1_4' title="bbox 181 1419 1863 2723">
    <p class='ocr_par' dir='ltr' id='par_1_6' title="bbox 181 1419 1863 2723">
     <span class='ocr_line' id='line_1_17' title="bbox 258 1419 1664 1492; baseline 0.002 -18"><span class='ocrx_word' id='word_1_106' title='bbox 258 1419 539 1492; x_wconf 80' lang='lat' dir='ltr'>Multaque</span> <span class='ocrx_word' id='word_1_107' title='bbox 562 1428 682 1492; x_wconf 87' lang='lat' dir='ltr'>post</span> <span class='ocrx_word' id='word_1_108' title='bbox 702 1423 891 1477; x_wconf 86' lang='lat' dir='ltr'>mundi</span> <span class='ocrx_word' id='word_1_109' title='bbox 913 1427 1124 1492; x_wconf 83' lang='lat' dir='ltr'>tempus</span> <span class='ocrx_word' id='word_1_110' title='bbox 1145 1422 1392 1492; x_wconf 78' lang='lat' dir='ltr'>genitale,</span> <span class='ocrx_word' id='word_1_111' title='bbox 1417 1423 1664 1491; x_wconf 72' lang='lat' dir='ltr'>diemque</span> 
     </span>
     <span class='ocr_line' id='line_1_18' title="bbox 188 1489 1520 1562; baseline 0.001 -19"><span class='ocrx_word' id='word_1_112' title='bbox 188 1489 547 1560; x_wconf 87' lang='lat' dir='ltr'>Primigenum</span> <span class='ocrx_word' id='word_1_113' title='bbox 569 1493 745 1559; x_wconf 69' lang='lat' dir='ltr'>maris,</span> <span class='ocrx_word' id='word_1_114' title='bbox 766 1498 822 1546; x_wconf 85' lang='lat' dir='ltr'>et</span> <span class='ocrx_word' id='word_1_115' title='bbox 844 1497 996 1546; x_wconf 73' lang='lat' dir='ltr'>terrae</span> <span class='ocrx_word' id='word_1_116' title='bbox 1021 1492 1245 1562; x_wconf 80' lang='lat' dir='ltr'>solisque</span> <span class='ocrx_word' id='word_1_117' title='bbox 1269 1498 1520 1559; x_wconf 83' lang='lat' dir='ltr'>coortum,</span> 
     </span>
     <span class='ocr_line' id='line_1_19' title="bbox 188 1560 1561 1630; baseline 0.001 -18"><span class='ocrx_word' id='word_1_118' title='bbox 188 1560 387 1613; x_wconf 82' lang='lat' dir='ltr'>Addita</span> <span class='ocrx_word' id='word_1_119' title='bbox 409 1578 623 1630; x_wconf 85' lang='lat' dir='ltr'>corpora</span> <span class='ocrx_word' id='word_1_120' title='bbox 645 1566 771 1614; x_wconf 84' lang='lat' dir='ltr'>sunt</span> <span class='ocrx_word' id='word_1_121' title='bbox 793 1561 1136 1628; x_wconf 56' lang='lat' dir='ltr'>extrinsecug</span> <span class='ocrx_word' id='word_1_122' title='bbox 1156 1561 1341 1614; x_wconf 81' lang='lat' dir='ltr'>addita</span> <span class='ocrx_word' id='word_1_123' title='bbox 1363 1560 1561 1613; x_wconf 83' lang='lat' dir='ltr'>circum</span> 
     </span>
     <span class='ocr_line' id='line_1_20' title="bbox 187 1627 1588 1699; baseline -0.001 -18"><span class='ocrx_word' id='word_1_124' title='bbox 187 1627 412 1696; x_wconf 78' lang='lat' dir='ltr'>Semina,</span> <span class='ocrx_word' id='word_1_125' title='bbox 436 1647 554 1699; x_wconf 82' lang='lat' dir='ltr'>quae</span> <span class='ocrx_word' id='word_1_126' title='bbox 578 1647 830 1698; x_wconf 80' lang='lat' dir='ltr'>magnum</span> <span class='ocrx_word' id='word_1_127' title='bbox 845 1629 1130 1699; x_wconf 72' lang='lat' dir='ltr'>Jaculando</span> <span class='ocrx_word' id='word_1_128' title='bbox 1154 1628 1379 1682; x_wconf 77' lang='lat' dir='ltr'>contulit</span> <span class='ocrx_word' id='word_1_129' title='bbox 1401 1646 1588 1693; x_wconf 81' lang='lat' dir='ltr'>omne;</span> 
     </span>
     <span class='ocr_line' id='line_1_21' title="bbox 187 1696 1550 1766; baseline 0.002 -18"><span class='ocrx_word' id='word_1_130' title='bbox 187 1696 340 1749; x_wconf 82' lang='lat' dir='ltr'>Unde</span> <span class='ocrx_word' id='word_1_131' title='bbox 362 1714 507 1751; x_wconf 72' lang='lat' dir='ltr'>mare</span> <span class='ocrx_word' id='word_1_132' title='bbox 527 1703 583 1751; x_wconf 84' lang='lat' dir='ltr'>et</span> <span class='ocrx_word' id='word_1_133' title='bbox 604 1704 756 1751; x_wconf 82' lang='lat' dir='ltr'>terrae</span> <span class='ocrx_word' id='word_1_134' title='bbox 779 1704 989 1766; x_wconf 83' lang='lat' dir='ltr'>possent</span> <span class='ocrx_word' id='word_1_135' title='bbox 1011 1714 1303 1765; x_wconf 74' lang='lat' dir='ltr'>augescere,</span> <span class='ocrx_word' id='word_1_136' title='bbox 1326 1702 1382 1749; x_wconf 89' lang='lat' dir='ltr'>et</span> <span class='ocrx_word' id='word_1_137' title='bbox 1402 1698 1550 1751; x_wconf 85' lang='lat' dir='ltr'>unde</span> 
     </span>
     <span class='ocr_line' id='line_1_22' title="bbox 186 1763 1498 1885; baseline 0.003 -70"><span class='ocrx_word' id='word_1_138' title='bbox 186 1763 479 1885; x_wconf 64' lang='lat' dir='ltr'>Apfimreret</span> <span class='ocrx_word' id='word_1_139' title='bbox 501 1766 732 1833; x_wconf 83' lang='lat' dir='ltr'>spatium</span> <span class='ocrx_word' id='word_1_140' title='bbox 755 1766 873 1821; x_wconf 77' lang='lat' dir='ltr'>coeli</span> <span class='ocrx_word' id='word_1_141' title='bbox 895 1767 1095 1834; x_wconf 78' lang='lat' dir='ltr'>domus,</span> <span class='ocrx_word' id='word_1_142' title='bbox 1119 1765 1334 1834; x_wconf 69' lang='lat' dir='ltr'>altaque</span> <span class='ocrx_word' id='word_1_143' title='bbox 1353 1771 1498 1819; x_wconf 73' lang='lat' dir='ltr'>tecta</span> 
     </span>
     <span class='ocr_line' id='line_1_23' title="bbox 187 1831 1863 1903; baseline 0 -19"><span class='ocrx_word' id='word_1_144' title='bbox 187 1831 261 1885; x_wconf 71' lang='lat' dir='ltr'>&#39;ro</span> <span class='ocrx_word' id='word_1_145' title='bbox 303 1838 412 1886; x_wconf 85' lang='lat' dir='ltr'>eret</span> <span class='ocrx_word' id='word_1_146' title='bbox 435 1851 468 1887; x_wconf 88' lang='lat' dir='ltr'>a</span> <span class='ocrx_word' id='word_1_147' title='bbox 490 1834 643 1889; x_wconf 79' lang='lat' dir='ltr'>terris</span> <span class='ocrx_word' id='word_1_148' title='bbox 701 1833 862 1900; x_wconf 83' lang='lat' dir='ltr'>rocu1,</span> <span class='ocrx_word' id='word_1_149' title='bbox 885 1839 940 1887; x_wconf 81' lang='lat' dir='ltr'>et</span> <span class='ocrx_word' id='word_1_150' title='bbox 964 1840 1300 1903; x_wconf 69' lang='lat' dir='ltr'>consurgeret</span> <span class='ocrx_word' id='word_1_151' title='bbox 1323 1835 1429 1889; x_wconf 65' lang='lat' dir='ltr'>aer.</span> <span class='ocrx_word' id='word_1_152' title='bbox 1724 1836 1863 1885; x_wconf 90' lang='lat'>1110</span> 
     </span>
     <span class='ocr_line' id='line_1_24' title="bbox 185 1898 1550 1984; baseline 0.004 -33"><span class='ocrx_word' id='word_1_153' title='bbox 185 1898 326 1957; x_wconf 81' lang='lat' dir='ltr'>Nam</span> <span class='ocrx_word' id='word_1_154' title='bbox 349 1919 444 1955; x_wconf 83' lang='lat' dir='ltr'>sua</span> <span class='ocrx_word' id='word_1_155' title='bbox 465 1902 654 1984; x_wconf 76' lang='lat' dir='ltr'>cuique</span> <span class='ocrx_word' id='word_1_156' title='bbox 761 1902 807 1953; x_wconf 78' lang='lat' dir='ltr'>‘s</span> <span class='ocrx_word' id='word_1_157' title='bbox 826 1919 894 1954; x_wconf 84' lang='lat' dir='ltr'>ex</span> <span class='ocrx_word' id='word_1_158' title='bbox 917 1902 1159 1956; x_wconf 75' lang='lat' dir='ltr'>omnibus</span> <span class='ocrx_word' id='word_1_159' title='bbox 1181 1903 1358 1958; x_wconf 78' lang='lat' dir='ltr'>omnia</span> <span class='ocrx_word' id='word_1_160' title='bbox 1378 1903 1550 1971; x_wconf 78' lang='lat' dir='ltr'>plagis</span> 
     </span>
     <span class='ocr_line' id='line_1_25' title="bbox 186 1967 1607 2037; baseline 0.002 -17"><span class='ocrx_word' id='word_1_161' title='bbox 186 1967 410 2037; x_wconf 79' lang='lat' dir='ltr'>Corpora.</span> <span class='ocrx_word' id='word_1_162' title='bbox 433 1968 839 2037; x_wconf 75' lang='lat' dir='ltr'>distribuuntur,</span> <span class='ocrx_word' id='word_1_163' title='bbox 859 1976 914 2024; x_wconf 90' lang='lat' dir='ltr'>et</span> <span class='ocrx_word' id='word_1_164' title='bbox 936 1971 1005 2024; x_wconf 88' lang='lat' dir='ltr'>ad</span> <span class='ocrx_word' id='word_1_165' title='bbox 1029 1989 1127 2025; x_wconf 79' lang='lat' dir='ltr'>sua</span> <span class='ocrx_word' id='word_1_166' title='bbox 1150 1971 1303 2027; x_wconf 72' lang='lat' dir='ltr'>soecla</span> <span class='ocrx_word' id='word_1_167' title='bbox 1324 1971 1607 2024; x_wconf 84' lang='lat' dir='ltr'>recedunt:</span> 
     </span>
     <span class='ocr_line' id='line_1_26' title="bbox 186 2036 1415 2109; baseline 0.002 -20"><span class='ocrx_word' id='word_1_168' title='bbox 186 2036 392 2090; x_wconf 86' lang='lat' dir='ltr'>Humor</span> <span class='ocrx_word' id='word_1_169' title='bbox 413 2038 483 2092; x_wconf 83' lang='lat' dir='ltr'>ad</span> <span class='ocrx_word' id='word_1_170' title='bbox 505 2038 790 2105; x_wconf 86' lang='lat' dir='ltr'>humorem,</span> <span class='ocrx_word' id='word_1_171' title='bbox 812 2044 1021 2096; x_wconf 76' lang='lat' dir='ltr'>terreno</span> <span class='ocrx_word' id='word_1_172' title='bbox 1041 2056 1254 2109; x_wconf 77' lang='lat' dir='ltr'>corpore</span> <span class='ocrx_word' id='word_1_173' title='bbox 1275 2046 1415 2093; x_wconf 77' lang='lat' dir='ltr'>terra</span> 
     </span>
     <span class='ocr_line' id='line_1_27' title="bbox 185 2104 1748 2177; baseline 0.001 -19"><span class='ocrx_word' id='word_1_174' title='bbox 185 2104 382 2159; x_wconf 84' lang='lat' dir='ltr'>Crescit</span> <span class='ocrx_word' id='word_1_175' title='bbox 400 2126 415 2171; x_wconf 83' lang='lat'><em>3</em></span> <span class='ocrx_word' id='word_1_176' title='bbox 450 2112 506 2162; x_wconf 83' lang='lat' dir='ltr'>et</span> <span class='ocrx_word' id='word_1_177' title='bbox 528 2107 705 2175; x_wconf 79' lang='lat' dir='ltr'>ignem</span> <span class='ocrx_word' id='word_1_178' title='bbox 728 2107 875 2175; x_wconf 76' lang='lat' dir='ltr'>ignes</span> <span class='ocrx_word' id='word_1_179' title='bbox 897 2108 1208 2177; x_wconf 77' lang='lat' dir='ltr'>procudunt,</span> <span class='ocrx_word' id='word_1_180' title='bbox 1233 2108 1529 2176; x_wconf 75' lang='lat' dir='ltr'>aetheraque</span> <span class='ocrx_word' id='word_1_181' title='bbox 1552 2107 1748 2162; x_wconf 72' lang='lat' dir='ltr'>aether:</span> 
     </span>
     <span class='ocr_line' id='line_1_28' title="bbox 183 2173 1521 2246; baseline 0.003 -19"><span class='ocrx_word' id='word_1_182' title='bbox 183 2173 428 2243; x_wconf 84' lang='lat' dir='ltr'>Denique</span> <span class='ocrx_word' id='word_1_183' title='bbox 449 2175 519 2232; x_wconf 85' lang='lat' dir='ltr'>ad</span> <span class='ocrx_word' id='word_1_184' title='bbox 543 2180 836 2230; x_wconf 85' lang='lat' dir='ltr'>extremum</span> <span class='ocrx_word' id='word_1_185' title='bbox 859 2177 1124 2230; x_wconf 84' lang='lat' dir='ltr'>crescendi</span> <span class='ocrx_word' id='word_1_186' title='bbox 1144 2177 1338 2246; x_wconf 86' lang='lat' dir='ltr'>perfica</span> <span class='ocrx_word' id='word_1_187' title='bbox 1358 2177 1521 2232; x_wconf 79' lang='lat' dir='ltr'>finem</span> 
     </span>
     <span class='ocr_line' id='line_1_29' title="bbox 185 2242 1339 2313; baseline 0.003 -18"><span class='ocrx_word' id='word_1_188' title='bbox 185 2242 377 2297; x_wconf 86' lang='lat' dir='ltr'>Omnia</span> <span class='ocrx_word' id='word_1_189' title='bbox 399 2245 647 2313; x_wconf 80' lang='lat' dir='ltr'>perduxit</span> <span class='ocrx_word' id='word_1_190' title='bbox 667 2261 843 2297; x_wconf 83' lang='lat' dir='ltr'>rerum</span> <span class='ocrx_word' id='word_1_191' title='bbox 865 2251 1060 2298; x_wconf 83' lang='lat' dir='ltr'>natura</span> <span class='ocrx_word' id='word_1_192' title='bbox 1081 2246 1339 2298; x_wconf 67' lang='lat' dir='ltr'>croetrix:</span> 
     </span>
     <span class='ocr_line' id='line_1_30' title="bbox 183 2308 1571 2382; baseline 0.004 -18"><span class='ocrx_word' id='word_1_193' title='bbox 183 2311 259 2365; x_wconf 87' lang='lat' dir='ltr'>Ut</span> <span class='ocrx_word' id='word_1_194' title='bbox 281 2312 360 2379; x_wconf 88' lang='lat' dir='ltr'>fit,</span> <span class='ocrx_word' id='word_1_195' title='bbox 383 2313 477 2365; x_wconf 90' lang='lat' dir='ltr'>ubi</span> <span class='ocrx_word' id='word_1_196' title='bbox 499 2308 666 2366; x_wconf 88' lang='lat' dir='ltr'>nihilo</span> <span class='ocrx_word' id='word_1_197' title='bbox 681 2315 800 2381; x_wconf 83' lang='lat' dir='ltr'>jam</span> <span class='ocrx_word' id='word_1_198' title='bbox 818 2314 940 2382; x_wconf 83' lang='lat' dir='ltr'>plus</span> <span class='ocrx_word' id='word_1_199' title='bbox 963 2319 1059 2380; x_wconf 82' lang='lat' dir='ltr'>est,</span> <span class='ocrx_word' id='word_1_200' title='bbox 1084 2314 1222 2382; x_wconf 82' lang='lat' dir='ltr'>quod</span> <span class='ocrx_word' id='word_1_201' title='bbox 1246 2314 1406 2368; x_wconf 85' lang='lat' dir='ltr'>datur</span> <span class='ocrx_word' id='word_1_202' title='bbox 1427 2314 1571 2370; x_wconf 69' lang='lat' dir='ltr'>intra</span> 
     </span>
     <span class='ocr_line' id='line_1_31' title="bbox 183 2379 1506 2450; baseline 0.002 -18"><span class='ocrx_word' id='word_1_203' title='bbox 183 2379 385 2434; x_wconf 85' lang='lat' dir='ltr'>Vitales</span> <span class='ocrx_word' id='word_1_204' title='bbox 407 2399 581 2449; x_wconf 83' lang='lat' dir='ltr'>venas,</span> <span class='ocrx_word' id='word_1_205' title='bbox 606 2398 764 2448; x_wconf 86' lang='lat' dir='ltr'>quam</span> <span class='ocrx_word' id='word_1_206' title='bbox 788 2382 928 2449; x_wconf 87' lang='lat' dir='ltr'>quod</span> <span class='ocrx_word' id='word_1_207' title='bbox 950 2382 1072 2435; x_wconf 89' lang='lat' dir='ltr'>fluit</span> <span class='ocrx_word' id='word_1_208' title='bbox 1095 2388 1255 2450; x_wconf 83' lang='lat' dir='ltr'>atque</span> <span class='ocrx_word' id='word_1_209' title='bbox 1276 2382 1506 2435; x_wconf 75' lang='lat' dir='ltr'>recedit:</span> 
     </span>
     <span class='ocr_line' id='line_1_32' title="bbox 183 2449 1370 2517; baseline 0 -14"><span class='ocrx_word' id='word_1_210' title='bbox 183 2449 438 2503; x_wconf 81' lang='lat' dir='ltr'><strong>Omnibus</strong></span> <span class='ocrx_word' id='word_1_211' title='bbox 460 2450 544 2503; x_wconf 89' lang='lat' dir='ltr'>his</span> <span class='ocrx_word' id='word_1_212' title='bbox 567 2456 696 2502; x_wconf 81' lang='lat' dir='ltr'>aetas</span> <span class='ocrx_word' id='word_1_213' title='bbox 719 2450 874 2504; x_wconf 90' lang='lat' dir='ltr'>debet</span> <span class='ocrx_word' id='word_1_214' title='bbox 897 2452 1177 2503; x_wconf 80' lang='lat' dir='ltr'>consistere</span> <span class='ocrx_word' id='word_1_215' title='bbox 1199 2451 1370 2517; x_wconf 88' lang='lat' dir='ltr'>rebus,</span> 
     </span>
     <span class='ocr_line' id='line_1_33' title="bbox 181 2516 1860 2572; baseline -0.001 -3"><span class='ocrx_word' id='word_1_216' title='bbox 181 2516 288 2569; x_wconf 90' lang='lat' dir='ltr'>Hic</span> <span class='ocrx_word' id='word_1_217' title='bbox 310 2525 504 2572; x_wconf 80' lang='lat' dir='ltr'>natura</span> <span class='ocrx_word' id='word_1_218' title='bbox 521 2519 628 2572; x_wconf 84' lang='lat' dir='ltr'>suis</span> <span class='ocrx_word' id='word_1_219' title='bbox 651 2518 897 2571; x_wconf 72' lang='lat' dir='ltr'>refraenat</span> <span class='ocrx_word' id='word_1_220' title='bbox 920 2519 1120 2571; x_wconf 81' lang='lat' dir='ltr'>viribus</span> <span class='ocrx_word' id='word_1_221' title='bbox 1142 2524 1375 2572; x_wconf 86' lang='lat' dir='ltr'>auctum.</span> <span class='ocrx_word' id='word_1_222' title='bbox 1724 2519 1860 2568; x_wconf 83' lang='lat'>1120</span> 
     </span>
     <span class='ocr_line' id='line_1_34' title="bbox 249 2585 1858 2655; baseline -0.001 -17"><span class='ocrx_word' id='word_1_223' title='bbox 249 2585 403 2653; x_wconf 84' lang='lat' dir='ltr'>Nam,</span> <span class='ocrx_word' id='word_1_224' title='bbox 427 2604 664 2655; x_wconf 83' lang='lat' dir='ltr'>quaecum</span> <span class='ocrx_word' id='word_1_225' title='bbox 701 2604 768 2639; x_wconf 88' lang='lat' dir='ltr'>ue</span> <span class='ocrx_word' id='word_1_226' title='bbox 786 2587 930 2639; x_wconf 82' lang='lat' dir='ltr'>vides</span> <span class='ocrx_word' id='word_1_227' title='bbox 954 2586 1176 2637; x_wconf 75' lang='lat' dir='ltr'>hilarem</span> <span class='ocrx_word' id='word_1_228' title='bbox 1193 2587 1533 2652; x_wconf 79' lang='lat' dir='ltr'>grandescere</span> <span class='ocrx_word' id='word_1_229' title='bbox 1550 2586 1618 2638; x_wconf 82' lang='lat' dir='ltr'>ad</span> <span class='ocrx_word' id='word_1_230' title='bbox 1641 2591 1858 2637; x_wconf 84' lang='lat' dir='ltr'>auctum</span> 
     </span>
     <span class='ocr_line' id='line_1_35' title="bbox 181 2650 1490 2723; baseline 0.001 -19"><span class='ocrx_word' id='word_1_231' title='bbox 181 2650 550 2723; x_wconf 72' lang='lat' dir='ltr'>Paulatimque</span> <span class='ocrx_word' id='word_1_232' title='bbox 708 2670 766 2705; x_wconf 87' lang='lat' dir='ltr'>us</span> <span class='ocrx_word' id='word_1_233' title='bbox 790 2653 961 2705; x_wconf 80' lang='lat' dir='ltr'>oetatis</span> <span class='ocrx_word' id='word_1_234' title='bbox 985 2653 1235 2705; x_wconf 85' lang='lat' dir='ltr'>scandere</span> <span class='ocrx_word' id='word_1_235' title='bbox 1257 2654 1454 2706; x_wconf 85' lang='lat' dir='ltr'>adultae</span> <span class='ocrx_word' id='word_1_236' title='bbox 1474 2671 1490 2715; x_wconf 67' lang='grc' dir='ltr'><strong><em>ς</em></strong></span> 
     </span>
    </p>
   </div>
   <div class='ocr_carea' id='block_1_5' title="bbox 2063 1828 2073 2508">
    <p class='ocr_par' dir='ltr' id='par_1_7' title="bbox 2063 1828 2073 2508">
     <span class='ocr_line' id='line_1_36' title="bbox 2063 1828 2073 2508; baseline 0 0"><span class='ocrx_word' id='word_1_237' title='bbox 2063 1828 2073 2508; x_wconf 95' lang='lat' dir='ltr'> </span> 
     </span>
    </p>
   </div>
  </div>
 </body>
</html>
