2084 3000
225 184 330 236 116
849 179 907 232 Τ.
944 178 1279 232 LUORETII

222 282 310 337 Sic
332 282 563 347 eliditur,
586 286 651 335 ut
675 281 719 334 si
743 281 876 348 quis,
901 279 1048 349 prius
1071 279 1221 332 arida
1243 296 1401 348 quam
1423 280 1495 334 sit

222 352 408 406 Gretea
429 368 662 421 persona,
686 349 875 402 allidat
897 348 1085 417 pilaeve
1109 348 1345 413 trabive3

221 419 399 489 Atque
422 436 485 472 ea
508 419 757 471 continuo
778 422 978 470 rectam
996 418 1041 470 si
1063 417 1238 471 fronte
1261 417 1297 470 fi
1339 434 1488 472 uram

221 488 419 555 Servet,
444 492 500 540 et
521 487 704 540 elisam
726 491 865 539 retro
889 503 999 539 sese
1021 486 1286 568 exprimat
1329 503 1449 555 psa:
1798 491 1913 541 300

222 556 356 624 Fiet,
379 563 458 623 ut,
481 561 607 609 ante
630 553 805 608 oculos
826 554 988 609 fuerit
1011 572 1105 623 qm
1128 554 1314 609 dexter
1351 555 1440 608 hic
1462 555 1604 608 idem

219 624 378 680 Nunc
401 625 471 678 sit
492 625 672 691 laevus,
694 629 750 678 et
772 641 802 677 e
825 623 957 676 laevo
981 622 1051 676 sit
1073 630 1263 676 mutua
1285 595 1485 677 dexter.

220 708 230 740 ο
292 694 383 748 Fit
405 711 625 764 quoque,
649 693 716 748 de
738 693 948 762 speculo
970 692 1028 745 in
1053 692 1323 761 speculum
1346 697 1408 746 ut
1439 693 1678 747 tradatm·
1700 693 1880 763 imago
1892 713 1912 760 3

223 763 467 834 Quinque
490 763 666 831 etiam,
691 778 848 815 sexve
870 767 934 815 ut
956 761 1071 814 fieri
1095 760 1374 815 simulacra
1397 761 1618 817 suerint.

222 831 362 885 Nam
384 848 723 903 quaecumque
746 836 886 884 retro
910 836 1061 899 parte
1082 829 1330 883 interiore
1352 830 1559 897 latebit,

222 900 356 954 Inde
379 908 570 967 tamen,
595 900 833 970 quamvis
856 904 994 952 torte
1016 898 1331 968 penitusque
1352 905 1569 969 remota,

223 969 414 1022 Omnia
435 987 529 1038 per
549 969 713 1022 flexos
735 968 913 1022 aditus
935 967 1141 1035 educta,
1164 966 1345 1021 licebit

222 1037 470 1090 Pluribus
492 1038 606 1090 haec
629 1036 853 1105 speculis
876 1035 1157 1090 videantur
1179 1037 1238 1090 in
1260 1034 1461 1090 sedibus
1484 1053 1608 1091 esse.

222 1105 401 1174 Usque
422 1105 552 1159 adeo
574 1122 605 1159 e
629 1104 836 1174 speculo
857 1104 917 1157 in
941 1105 1212 1173 speculum
1234 1106 1461 1159 tralucet
1483 1106 1686 1174 imag03

221 1173 295 1229 Et
318 1191 482 1242 quum
504 1173 640 1227 laeva
661 1173 789 1227 data
811 1179 905 1241 est,
928 1173 993 1226 fit
1013 1191 1225 1227 rursum
1246 1181 1311 1228 ut
1334 1174 1553 1229 dextera
1573 1175 1703 1240 fiat;
1796 1177 1905 1230 310

225 1242 359 1297 Inde
384 1248 524 1303 retro
545 1259 755 1296 rursum
776 1242 929 1308 redit,
953 1248 1010 1296 et
1031 1243 1295 1296 convertit
1318 1243 1516 1297 eodem.

294 1311 436 1376 Quin
459 1312 635 1379 etiam,
654 1329 996 1382 quaecumque
1018 1311 1285 1366 latuscula
1308 1319 1433 1365 sunt
1458 1312 1786 1381 speculorum

223 1379 459 1434 Assimili
480 1381 661 1435 lateris
681 1381 887 1434 flexura
909 1380 1135 1463 praedita
1156 1379 1341 1449 nostri,

225 1449 461 1506 Dextera
483 1467 546 1504 ea
569 1456 781 1521 propter
802 1450 952 1504 nobis
975 1449 1256 1504 simulacra
1276 1449 1590 1516 remittunt3

221 1519 337 1573 Aut
359 1520 486 1591 quia
508 1520 574 1574 de
598 1520 807 1643 mulo
830 1520 888 1573 in
911 1519 1184 1589 speculum
1206 1520 1523 1573 transfertur
1545 1521 1735 1589 imago,

223 1588 357 1644 Inde
379 1589 450 1643 ad
471 1606 566 1643 nos
589 1606 618 1642 e
644 1589 656 1603 '
740 1589 820 1643 bis
842 1588 1089 1653 advolat3
1124 1593 1220 1642 aut
1242 1589 1405 1642 etiam
1427 1587 1565 1657 quod

224 1657 627 1727 circumagitur,
653 1675 820 1726 quum
843 1658 991 1712 venit
1013 1657 1204 1726 imago,
1229 1663 1504 1726 propterea
1526 1655 1667 1728 quod

223 1724 389 1781 Flexa
410 1727 582 1796 figura
604 1727 757 1781 docet
779 1727 979 1797 speculi
1001 1726 1293 1780 convertier
1315 1726 1385 1779 ad
1407 1743 1516 1779 nos.

292 1795 574 1864 Indugredi
596 1813 749 1864 porro
771 1796 970 1864 pariter
991 1794 1288 1861 simulacra,
1312 1794 1609 1864 pedemque

220 1862 421 1918 Ponere
443 1862 714 1917 nobiscum
737 1863 931 1931 credas,
955 1871 1265 1945 gestumque
1286 1862 1517 1928 imitari;
1794 1867 1900 1919 320

220 1919 503 2000 Propterea
526 1933 666 2000 quia,
691 1931 757 1984 de
1003 1948 1112 1999 qua
1133 1938 1284 2002 parte
1305 1932 1529 1999 recedas,

220 1999 481 2053 Continuo
503 2017 542 2052 n
605 2006 775 2055 ueunt
838 2000 947 2054 linc
969 2000 1251 2054 simulacra
1270 2002 1492 2055 reverti:

220 2068 411 2122 Omnia
433 2085 575 2151 quan
611 2068 855 2137 equidem
876 2069 1021 2138 cogit
1042 2074 1237 2124 natura
1256 2069 1454 2136 referri,

218 2136 299 2190 Ac
319 2137 519 2191 resihre
541 2137 610 2191 ab
631 2138 786 2192 rebus
808 2138 878 2191 ad
901 2155 1076 2207 aequos
1098 2138 1308 2192 reddita
1326 2138 1511 2193 flexus.

287 2205 573 2276 Splendida
595 2224 746 2277 porro
769 2206 908 2260 oculi
929 2207 1183 2276 fugitant,
1207 2207 1483 2276 vitantque
1504 2205 1643 2261 tueri
1654 2225 1673 2273 3

218 2274 308 2332 Sol
331 2275 493 2330 etiam
517 2281 694 2344 caecat,
719 2280 902 2329 contra
925 2276 970 2329 si
992 2276 1209 2329 tendere
1231 2293 1444 2346 pergas:

217 2343 500 2414 Propterea
523 2345 1115 2414 quiavismagnaeeti
1179 2345 1289 2409 ’us3
1323 2350 1379 2399 et
1402 2344 1512 2399 alte

216 2413 359 2467 Aera
381 2430 476 2495 per
499 2431 692 2483 purum
714 2412 948 2481 graviter
970 2414 1070 2465 sim
1272 2413 1534 2480 feruntur,

214 2479 289 2532 Et
309 2481 510 2534 feriunt
531 2480 721 2543 oculos,
743 2480 1018 2533 turbantia
1040 2481 1430 2549 composituras.

216 2546 476 2602 Praeterea
498 2549 755 2617 splendor,
780 2548 1097 2617 quicumque
1120 2554 1201 2601 est
1222 2565 1356 2614 acer,
1380 2548 1560 2601 adurit
1784 2553 1887 2604 330

215 2613 297 2666 8ae
387 2616 593 2681 oculos3
627 2617 746 2669 ideo
802 2615 909 2668 uod
933 2616 1134 2668 semina
1155 2615 1386 2683 possidet
1407 2615 1547 2683 ignis

214 2680 276 2733 Μ
332 2686 404 2751 ta,
427 2683 655 2739 dolorem
679 2633 842 2738 neniis
866 2699 979 2753 quae
1001 2683 1231 2751 gignunt
1252 2682 1582 2737 insinuando,
