2084 3000
749 175 964 228 LIBER
1000 176 1315 232 TERTIUS.

186 274 359 328 Obvia
382 273 648 341 sentimus,
673 275 881 344 quando
904 274 1190 329 obretimur
1212 283 1397 329 euntes
1416 296 1431 341 ;

188 343 305 396 Nec
329 360 489 411 supra
511 350 673 411 caput
697 344 927 411 ejusdem
950 345 1195 397 cecidisse
1219 347 1414 398 vietam

191 413 418 479 Vestem,
441 428 539 464 nec
562 412 767 479 plumas
791 413 968 464 avium
991 430 1294 482 papposque
1318 414 1566 480 volanteS,

192 481 300 542 Qui
323 481 488 533 nimia
510 480 727 532 levitate
751 480 949 535 cadunt
972 481 1281 550 plerumque
1304 483 1563 550 gravatim
1583 502 1598 546 ;

189 546 303 601 Nec
326 549 557 617 repentis
579 549 716 601 itum
739 551 1192 618 cujusviscumque
1215 552 1498 603 animantis

189 617 472 684 Sentimus,
496 634 592 670 nec
616 617 766 685 priva
790 618 983 687 pedum
1006 619 1230 686 vestigia
1253 635 1482 688 quaeque,

191 687 414 754 Corpore
436 702 553 754 quae
576 686 636 737 in
657 691 832 739 nostro
857 687 1047 739 culices
1071 693 1126 739 et
1148 693 1321 743 cetera
1343 693 1559 759 ponunt.

193 755 373 823 Usque
389 754 519 807 adeo
541 755 686 823 prius
709 761 790 807 est
811 756 869 807 in
891 755 1039 807 nobis
1062 755 1236 808 multa
1258 755 1515 824 ciendum,

195 823 366 887 Quam
387 823 670 892 primordia
693 825 981 877 sentiscant
1004 841 1255 878 concussa
1276 825 1492 891 animai,

192 891 420 958 Semina,
445 892 742 960 corporibus
765 893 955 945 nostris
978 893 1227 946 immixta
1248 910 1343 962 per
1365 900 1525 962 artus,

192 961 266 1014 Et
288 961 500 1029 quantis
523 960 814 1014 intervallis
840 961 1132 1015 tuditantia
1154 963 1354 1031 possint

194 1029 525 1096 Concursare,
549 1030 700 1097 coire,
723 1037 778 1082 et
802 1030 1081 1085 dissultare
1105 1031 1346 1084 vicissim.

264 1098 336 1150 Et
359 1098 526 1165 magis
550 1104 630 1150 est
653 1099 860 1150 animus
883 1099 1018 1153 vitai
1042 1099 1274 1153 claustra
1297 1101 1552 1169 coercens,

192 1165 266 1218 Et
289 1165 641 1221 dominantior
663 1167 730 1219 ad
755 1167 935 1236 vitam,
959 1183 1122 1235 quam
1144 1169 1224 1221 vis
1246 1169 1460 1222 animai.

193 1230 248 1291 N
246 1252 335 1287 am
358 1235 469 1287 sine
491 1241 671 1289 mente
693 1235 972 1304 animoque
995 1238 1181 1304 nequit
1203 1237 1427 1290 residere
1450 1255 1544 1306 per
1566 1243 1713 1293 artus

190 1302 463 1372 Temporis
486 1304 735 1371 exiguam
757 1310 961 1373 partem
985 1322 1107 1374 pars
1124 1305 1237 1358 ulla
1259 1307 1492 1359 animai:

192 1371 299 1424 Sed
323 1389 494 1425 comes
517 1372 810 1441 insequitur
832 1372 1002 1440 facile,
1027 1379 1082 1425 et
1106 1373 1327 1426 discedit
1350 1375 1408 1426 in
1432 1390 1599 1442 auras,

195 1440 269 1493 Et
291 1441 489 1509 gelidos
511 1446 658 1493 artus
680 1442 738 1493 in
762 1441 857 1494 leti
879 1441 1071 1510 frigore
1093 1442 1301 1512 linquit.

195 1511 273 1562 At
295 1515 473 1563 manet
495 1511 554 1562 in
576 1511 703 1578 vita,
727 1510 815 1563 cui
837 1527 984 1563 mens
1006 1512 1319 1581 animusque
1340 1511 1607 1578 remansit,

192 1578 450 1643 Quamvis
473 1584 553 1632 est
575 1580 921 1632 circumcaesis
943 1580 1084 1632 lacer
1105 1580 1338 1648 undique
1359 1579 1635 1633 membris:

1767 621 1869 672 390

1767 1306 1874 1357 400

197 1647 452 1715 (Pi-uncus,
474 1648 723 1729 adempta
744 1649 923 1701 anima
946 1650 1159 1715 circum,
1182 1647 1526 1716 membrisque
1547 1647 1772 1714 remotis,

198 1715 364 1782 Vivit,
389 1722 444 1768 et
468 1716 710 1769 oetherias
733 1717 922 1770 vitales
945 1717 1163 1785 suscipit
1185 1733 1371 1770 auras:

199 1784 263 1837 Si
285 1801 391 1836 non
414 1785 742 1852 omnimodis,
763 1791 822 1838 at
844 1803 1037 1854 magna
1060 1792 1225 1855 parte,
1250 1785 1449 1838 animai

198 1852 459 1920 Privatus,
483 1859 662 1906 tamen
684 1855 744 1906 in
767 1856 879 1907 vita
902 1860 1182 1907 cunctatur
1206 1860 1261 1907 et
1283 1853 1459 1907 hoeret.

205 1920 277 1973 Ut
299 1921 526 1975 lacerato
550 1922 699 1976 oculo
722 1923 935 1989 circum,
960 1924 1005 1975 si
1027 1924 1231 1992 pupula
1252 1923 1449 1975 mansit

201 1989 503 2058 Incolumis,
527 1997 636 2044 stat
658 1992 905 2044 cernendi
927 1992 1110 2045 vivata
1168 1998 1397 2055 otestas3

199 2057 498 2112 Dummodo
519 2076 588 2113 ne
612 2066 785 2113 totum
808 2077 1107 2129 corrumpas
1151 2061 1346 2113 uminis
1369 2059 1559 2115 orbem,

201 2126 305 2179 Sed
330 2128 670 2182 circumcidas
695 2129 876 2196 aciem,
901 2129 1167 2197 solamque
1189 2129 1486 2195 relinquas:

202 2195 269 2247 Id
292 2214 500 2265 quoque
523 2198 665 2250 enim
689 2198 800 2249 sine
823 2198 1054 2267 pernicie
1077 2215 1185 2250 non
1206 2197 1301 2250 fiet
1322 2214 1530 2260 eorum3

203 2266 277 2316 At
301 2265 345 2317 si
369 2266 579 2318 tantula.
601 2283 724 2335 pars
746 2267 884 2318 oculi
906 2267 1083 2319 media
1104 2266 1199 2318 illa
1286 2283 1401 2318 resa
1425 2271 1519 2332 est,

204 2332 491 2385 Incolumis
514 2334 755 2403 quamvis
778 2334 975 2403 alioqui
999 2334 1206 2403 splendi
1242 2351 1305 2386 us
1329 2333 1479 2400 orbis,

205 2401 415 2454 Occidit
437 2402 704 2471 extemplo
726 2403 921 2471 lumen,
945 2403 1279 2473 tenebraeque
1303 2406 1624 2471 sequuntur:

204 2470 323 2523 Hoc
345 2471 525 2524 anima
547 2478 708 2540 atque
730 2471 937 2524 animus
952 2472 1131 2541 juncti
1154 2477 1282 2526 sunt
1302 2471 1498 2525 foedere
1521 2484 1736 2537 semper.

1775 1992 1881 2042 410
