2084 3000
760 144 976 195 LIBER
1010 142 1287 196 SEXTUS.
1763 145 1863 195 199

165 243 254 295 Ac
281 243 440 295 celeri
463 243 626 297 ferme
649 250 879 312 pergunt
896 243 914 275 f
935 245 1032 296 tibi
1057 244 1284 296 fulmina
1307 243 1485 311 lapsu:

166 312 421 364 Nubibus
444 312 560 380 ipsa
584 314 723 381 quod
748 314 959 365 omnino
982 314 1129 381 prius
1153 314 1319 364 incita
1343 330 1396 363 se
1420 313 1500 364 vis

166 381 406 449 Colligit,
432 389 486 433 et
509 399 761 449 magnum
785 399 1035 434 conamen
1063 383 1224 434 sumit
1248 382 1425 433 eundi.

170 450 329 516 Inde,
354 449 446 501 ubi
469 467 575 501 non
600 451 776 519 potuit
799 451 965 503 nubes
990 467 1175 519 capere
1198 449 1409 518 impetis
1433 455 1665 517 auctum,

168 518 512 587 Exprimitur
535 518 629 585 vis,
655 525 814 587 atque
839 519 955 571 ideo
980 519 1126 576 volat
1148 519 1346 586 impete
1370 519 1516 584 miro,

171 587 252 639 Ut
277 587 468 639 validis
493 603 609 656 quae
634 587 700 639 de
725 587 1000 639 tormentis
1024 588 1184 639 missa.
1206 588 1467 653 feruntur,

243 655 412 721 Adde,
438 655 579 723 quod
603 673 631 708 e
750 656 829 709 vis
853 673 915 708 ac
938 654 1142 708 levibus
1167 660 1244 707 est
1268 655 1554 723 elementis,
1754 658 1860 708 330

169 724 288 776 Nec
313 724 470 777 facile
494 730 573 777 est
597 730 654 780 ta
679 725 691 737 ‘
720 730 923 777 naturae
947 723 1195 776 obsistere
1221 723 1530 791 quidquam:

173 793 328 845 Inter
352 793 494 845 enim
517 793 658 861 fugit
680 810 743 846 ac
767 797 1009 862 penetrat
1033 809 1126 861 per
1147 809 1267 844 rara
1289 793 1509 845 viarum.

170 861 298 913 Non
322 861 492 929 igitur
510 862 694 914 multis
719 862 998 914 offensibus
1021 861 1080 913 in
1102 860 1409 913 remorando

174 930 434 982 Haesitat:
460 931 598 984 hanc
623 930 687 983 ob
709 947 822 983 rem
845 929 1000 983 celeri
1024 929 1169 984 volat
1191 930 1388 998 impete
1410 928 1606 983 labens.

246 999 465 1064 Deinde,
490 999 630 1067 quod
654 999 865 1052 omnino
887 1004 1082 1051 natura
1104 998 1336 1079 pondera
1359 997 1601 1051 deorsum

176 1067 370 1120 Omnia
393 1069 667 1120 nituntur:
707 1084 871 1135 quum
894 1068 1054 1135 plaga
1077 1072 1146 1119 sit
1171 1066 1354 1120 addita
1377 1084 1513 1133 vero,

176 1135 449 1189 Mobilitas
474 1136 791 1217 duplicatur,
816 1142 871 1190 et
894 1138 1121 1205 impetus
1144 1135 1236 1188 ille
1259 1136 1550 1203 gravescit3

176 1203 254 1257 Ut
279 1206 640 1258 vehementius
664 1210 719 1258 et
743 1205 916 1271 citius,
941 1220 1287 1273 quaecumque
1310 1210 1583 1257 morantur

177 1272 362 1340 Obvia,
385 1274 637 1327 discutiat
661 1274 845 1342 plagita,
869 1273 1131 1353 itinerque
1156 1280 1420 1340 sequatur.

247 1342 500 1411 Denique,
526 1343 667 1411 quod
690 1344 845 1410 longo
870 1342 1016 1395 venit
1040 1347 1251 1409 impete,
1278 1357 1481 1393 sumere
1506 1341 1661 1394 debet
1755 1345 1860 1395 340

178 1410 546 1478 Mobilitatem,
573 1413 733 1464 etiam
757 1418 917 1479 atque
940 1411 1104 1463 etiam
1130 1427 1247 1477 quae
1272 1410 1458 1462 crescit
1481 1410 1667 1477 eundo,

177 1480 249 1533 Et
273 1480 476 1533 validas
499 1486 659 1550 auget
684 1481 835 1547 vitea,
860 1485 914 1532 et
937 1479 1147 1533 roborat
1169 1480 1350 1534 ictum.

177 1549 230 1601 N
231 1567 317 1602 am
340 1550 484 1616 facit,
508 1556 584 1617 ut,
609 1566 725 1618 quae
751 1550 858 1601 sint
882 1549 1025 1601 illius
1052 1549 1250 1602 semina
1274 1563 1514 1617 cumque,

179 1617 225 1670 E
247 1618 457 1685 regione
481 1619 652 1671 locum
677 1617 827 1686 quasi
848 1618 907 1670 in
931 1636 1100 1671 unum
1124 1623 1316 1671 cuncta
1337 1618 1591 1683 ferantur,

181 1686 371 1739 Omnia
394 1687 674 1755 conjiciens
696 1688 755 1747 in
779 1704 901 1740 eum
924 1687 1193 1740 volventia
1216 1703 1441 1755 cursum.

249 1755 489 1808 Forsitan
512 1773 580 1808 ex
603 1756 716 1825 ipso
739 1757 955 1811 veniens
978 1755 1158 1808 trahat
1182 1757 1303 1808 aere
1327 1754 1571 1822 quaedam

182 1822 417 1892 Corpora,
443 1841 556 1892 quae
580 1825 750 1893 plagis
773 1824 1062 1878 intendunt
1086 1824 1448 1877 mobilitatem.

249 1892 648 1961 Incolumesque
671 1894 819 1946 venit
841 1911 935 1963 per
956 1910 1055 1961 res,
1077 1897 1238 1965 atque
1260 1893 1468 1961 integra
1490 1892 1681 1949 transit

181 1960 370 2028 Multa,
393 1962 736 2016 foraminibus
759 1962 972 2032 liquidis
997 1962 1123 2031 quia
1147 1962 1343 2015 traviat
1366 1961 1519 2042 ignia

183 2028 457 2100 Multaque
480 2032 746 2102 perfregit,
771 2048 935 2100 quum
960 2048 1174 2099 corpora
1195 2031 1435 2083 fulminis
1458 2031 1574 2099 ipsa
1748 2033 1856 2084 350

184 2099 485 2168 Corporibus
506 2119 682 2154 rerum
704 2100 1001 2167 inciderint,
1026 2117 1130 2169 qua
1153 2104 1303 2153 texta
1326 2105 1589 2155 tenentur.

249 2169 500 2223 Dissolvit
519 2188 672 2252 porro
695 2170 851 2222 facile
876 2186 961 2235 ωε,
984 2185 1276 2237 aurumque
1298 2174 1514 2237 repente

184 2236 588 2303 Confervefacit;
623 2256 652 2292 e
677 2238 850 2308 parvis
875 2238 1001 2306 quia
1022 2239 1168 2290 facta
1188 2237 1394 2289 minute

186 2305 485 2374 Corporibus
507 2307 586 2360 vis
610 2314 688 2361 est
712 2313 768 2360 et
788 2306 1006 2360 laevibus
1031 2323 1099 2359 ex
1123 2305 1407 2373 elementiS,

186 2375 310 2439 Quae
332 2375 489 2429 facile
511 2376 862 2444 insinuantur,
887 2381 941 2429 et
963 2375 1237 2428 insinuata
1257 2379 1474 2443 repente

186 2443 487 2499 Dissolvunt
510 2445 673 2498 nodos
695 2461 887 2513 omneS‚
912 2449 967 2498 et
990 2443 1168 2497 vincla
1189 2442 1446 2496 relaxant.

777 2571 795 2600 ἵ
816 2576 908 2627 jam
925 2577 1124 2626 pergunt3
1153 2572 1249 2612 Me.

1755 2607 1814 2696 ,ιζ-,4,
1813 2583 1818 2589 .
