2084 3000
213 169 281 218 64
509 172 514 177 ”
821 164 876 217 Τ.
913 164 1248 217 ΙιΠΟΒΕΤΙΙ

211 267 296 319 Ex
319 264 651 318 insensilibus
675 281 741 316 ne
766 264 944 316 credas
969 264 1157 316 sensile
1180 264 1365 332 gigni?

94 332 106 342 ⁴
212 334 481 386 Nimirum
503 332 703 400 lapides
727 336 780 384 et
804 332 950 399 ligna
974 338 1029 384 et
1054 337 1206 398 terra,
1232 333 1372 399 quod
1396 350 1506 386 una

212 402 403 468 Mixta,
428 407 608 453 tamen
631 405 900 467 nequeunt
925 399 1143 452 vitalem
1164 401 1379 453 reddere
1403 418 1629 455 sensum.

284 470 426 522 Illud
449 469 508 520 in
530 468 617 519 his
640 468 805 534 igitur
828 467 997 520 foedus
1019 468 1317 520 meminisse
1341 469 1559 535 decebit,
1784 474 1891 522 890

211 537 333 591 Non
356 554 424 589 ex
447 536 686 589 omnibus
709 536 934 603 omnino,
961 553 1305 604 quaecumque
1328 543 1509 589 creant
1532 555 1629 605 res,

213 606 413 658 Sensile
437 610 491 657 et
515 604 778 672 extemplo
801 620 886 656 me
909 605 1059 671 gigni
1083 603 1254 656 dicere
1278 622 1482 658 sensus:

213 673 315 726 Sed
338 673 520 741 magni
540 673 746 738 referre,
771 689 833 724 ea
855 673 1087 740 primum
1111 673 1370 740 quantula
1392 679 1649 742 constent,

214 741 413 794 Sensile
437 759 552 811 quae
574 741 796 808 faciunt,
821 747 874 793 et
898 757 1004 808 qua.
1027 741 1135 793 sint
1158 741 1383 808 praedita
1405 741 1587 808 forma,

212 810 463 877 Motibus,
487 809 770 875 ordinibus,
794 809 1039 876 posituris
1065 808 1303 876 denique,
1327 826 1445 877 quse
1470 810 1603 863 sint:

215 878 450 942 Quarum
472 877 551 928 nil
574 894 747 929 rerum
769 877 828 928 in
850 877 1022 943 ligniS,
1048 876 1316 944 glebisque
1339 878 1588 930 videmus.

213 947 286 999 Et
309 952 486 999 tamen
509 945 636 1011 haec‚
661 961 825 1012 quum
850 951 976 996 sunt
998 945 1148 1012 quasi
1171 946 1469 1012 putrefacta
1491 963 1585 1014 per
1606 946 1811 1014 imbres,

215 1013 537 1066 Vermiculos
561 1013 792 1081 pariunt,
817 1013 940 1079 quia
965 1029 1180 1081 corpora
1202 1014 1461 1081 materiai,

213 1081 462 1149 Antiquis
486 1099 553 1134 ex
577 1080 844 1132 ordinibus
905 1086 1104 1133 ermota
1127 1096 1263 1133 nova
1285 1099 1355 1147 re,

218 1149 575 1203 Conciliantur
596 1149 689 1214 ita,
714 1154 777 1199 ut
800 1148 866 1200 de
901 1155 993 1200 ent
1016 1149 1268 1202 animalia
1290 1150 1451 1217 gigni.
1786 1150 1891 1202 900

283 1217 501 1284 Deinde,
526 1235 593 1269 ex
617 1216 890 1269 sensilibus
915 1233 1080 1284 quum
1105 1218 1290 1269 sensile
1314 1235 1462 1284 posse
1486 1219 1653 1271 creari

216 1286 571 1352 Constituunt‚
594 1300 761 1354 porro,
786 1303 853 1338 ex
878 1285 995 1337 aliis
1020 1285 1213 1337 sentire
1237 1286 1392 1353 sueti,

213 1354 401 1407 Mollia
424 1361 541 1406 tum
563 1355 794 1406 faciunt:
831 1371 955 1405 nam
979 1370 1159 1405 sensus
1174 1354 1424 1421 jungitur
1447 1355 1615 1407 omnis

215 1423 528 1488 Visceribus,
552 1422 739 1488 nervis,
764 1422 924 1488 venis,
950 1437 1288 1490 quaecumque
1312 1422 1549 1476 videmus

215 1490 401 1545 Mollia
422 1490 632 1545 mortali
657 1491 934 1544 consistere
958 1508 1018 1543 co
1082 1507 1169 1543 ore
1193 1496 1350 1545 creta.

285 1560 387 1613 Sed
409 1565 588 1613 tamen
613 1565 722 1612 esto
738 1561 853 1627 jam
875 1577 1023 1628 posse
1086 1576 1159 1611 aec
1183 1564 1378 1612 aeterna
1398 1577 1639 1624 manere3

214 1629 417 1698 Nempe
443 1634 619 1681 tamen
644 1627 835 1681 debent
859 1634 953 1680 aut
976 1644 1185 1679 sensum
1208 1629 1373 1696 partis
1397 1628 1605 1696 habere,

217 1697 329 1750 Aut
353 1697 545 1749 similia
567 1697 694 1748 totis
717 1697 1030 1748 animalibus
1057 1712 1165 1748 esse
1188 1697 1381 1765 putari.

218 1765 292 1817 At
314 1770 579 1833 nequeant
601 1781 693 1832 per
718 1780 772 1815 se
795 1770 970 1832 partes
995 1764 1201 1832 sentire,
1227 1781 1433 1816 necesse
1458 1770 1550 1818 est.

215 1832 459 1900 Namque
481 1832 609 1884 alios
634 1848 811 1883 sensus
833 1831 1183 1883 membrorum
1206 1834 1406 1901 respuit
1429 1832 1598 1885 omnis
1619 1851 1631 1885 :
1792 1836 1895 1885 910

216 1900 269 1952 N
270 1918 329 1953 ec
351 1916 537 1953 manus
560 1916 594 1951 a
617 1898 764 1951 nobis
788 1900 926 1966 potis
950 1906 1028 1952 est
1053 1908 1264 1966 secreta,
1290 1918 1461 1968 neque
1483 1900 1596 1953 ulla

219 1969 453 2037 Corporis
477 1968 687 2020 omnino
712 1983 919 2018 sensum
943 1986 1063 2035 pars
1088 1968 1197 2021 sola
1219 1975 1410 2021 tenere.

196 2037 514 2104 Linquitur,
539 2041 601 2087 ut
625 2035 750 2086 totis
773 2036 1087 2088 animalibus
1113 2038 1495 2101 assimilentur3

219 2104 387 2185 Vitali
410 2110 471 2156 ut
494 2103 695 2184 possint
719 2105 1010 2156 consentire
1037 2106 1268 2185 undique
1292 2123 1461 2186 sensu.

217 2174 601 2294 sagam
618 2174 1434 2309 zssstzffitxffifflitffl’

217 2310 292 2362 At
326 2327 394 2362 ue
417 2307 732 2361 animalibus
755 2310 812 2361 in
834 2308 1143 2362 mortalibus
1170 2327 1274 2362 una
1300 2307 1620 2379 eademque?

340 2378 447 2430 uod
471 2383 651 2430 tamen
674 2383 735 2430 ut
758 2378 972 2446 possint,
998 2377 1067 2430 ab
1091 2383 1230 2430 coetu
1254 2379 1576 2445 concilioque

217 2445 309 2498 Nil
335 2446 533 2499 facient
557 2452 748 2514 praeter
770 2446 991 2513 vulg-um
1015 2446 1331 2513 turbamque
1356 2446 1719 2510 animantum;

218 2513 429 2567 Scilicet
450 2520 515 2566 ut
539 2520 805 2582 nequeant
827 2514 1079 2580 homines,
1103 2521 1355 2580 armenta,
1378 2515 1607 2582 feraeque
1795 2517 1905 2566 920

220 2582 368 2634 Inter
391 2599 500 2635 sese
522 2582 688 2635 ullam
710 2599 820 2634 rem
843 2582 1060 2648 gignere
1084 2582 1455 2634 conveniendo.

216 2649 304 2702 Sic
325 2650 525 2714 itidem,
551 2666 656 2718 qua
680 2649 946 2713 sentimus,
972 2649 1165 2700 sentire
1188 2664 1394 2701 necesse
1418 2654 1512 2703 est.
