2084 3000
770 190 988 245 LIBER
1022 190 1348 257 QUINTUS.
1790 190 1890 245 167

212 293 413 359 Corpus
437 289 577 343 enim
599 290 725 344 licet
748 309 858 345 esse
881 293 1042 359 aliud,
1067 293 1205 362 quod
1228 293 1400 345 fertur
1423 294 1477 344 et
1500 306 1611 344 una

211 362 436 414 Labitur
459 360 768 413 omnimodis
793 378 1074 414 occursans
1093 361 1441 429 officiensque‚

213 431 266 483 N
269 447 327 482 ec
351 430 489 497 potis
513 435 593 481 est
616 430 776 497 cerni,
799 431 926 498 quia
950 447 1158 482 cassum
1180 431 1382 482 lumine
1405 432 1590 483 fertur.

215 499 529 566 Versarique
552 503 738 566 potest,
762 498 946 565 globus
969 503 1033 551 ut
1058 500 1103 550 si
1124 499 1260 551 forte
1283 499 1417 567 pilai

218 567 457 620 Dimidia
481 583 549 618 ex
572 573 723 636 parte
747 567 996 619 candenti
1019 568 1221 620 lumine
1244 568 1461 634 tinctus,
1789 565 1892 620 720

217 636 591 703 Versandoque
614 634 829 702 globum
852 636 1118 688 variantes
1142 636 1294 688 edere
1315 636 1511 689 formas

215 704 459 772 Denique
482 721 599 756 eam
621 710 841 784 partem,
867 720 1206 773 quaecumque
1228 710 1309 757 est
1331 705 1541 772 ignibus
1565 708 1741 771 aucta,

215 774 304 825 Ad
329 773 554 853 speciem
577 773 739 826 vertit
761 773 925 839 nobis,
950 772 1228 840 oculosque
1251 778 1526 841 patentes.

224 842 357 894 Inde
381 842 686 894 minutatim
711 847 850 895 retro
875 846 1186 909 contorquet
1205 847 1258 894 et
1281 841 1455 894 aufert

220 911 521 963 Luciferam
543 916 750 979 partem
773 910 1162 978 glomeraminis
1186 915 1345 978 atque
1370 910 1540 979 pila·1·;

220 980 298 1031 Ut
321 979 641 1047 Babylonica
666 979 976 1033 Chaldaeum
1000 979 1239 1032 doctrina
1262 979 1500 1031 refutans

220 1048 467 1115 Astrolog
468 1065 616 1100 orum
639 1054 807 1100 artem
831 1054 1013 1101 contra
1038 1049 1349 1101 convincere
1368 1049 1573 1101 tendit:

222 1066 467 1169 Proinde
473 1118 625 1184 quasi
647 1117 760 1169 fieri
784 1122 1025 1198 nequeat,
1049 1118 1193 1185 quod
1216 1124 1424 1185 pugnat
1438 1124 1688 1199 uterque,

223 1186 337 1237 Aut
359 1185 537 1238 minus
557 1186 656 1238 hoc
678 1186 775 1237 illo
797 1186 867 1238 sit
891 1203 985 1238 cur
1008 1186 1315 1254 amplectier
1338 1188 1494 1240 ausis.

293 1253 548 1321 Denique,
573 1272 666 1307 cur
688 1260 916 1322 nequeat
939 1271 1143 1322 semper
1165 1272 1302 1307 nova
1325 1256 1455 1309 luna
1478 1255 1643 1308 creari
1800 1255 1904 1307 730

228 1323 425 1376 Ordine
447 1324 729 1375 formarum
755 1329 909 1390 certo,
935 1324 1195 1391 certisque
1220 1323 1419 1391 figuriS,

236 1392 406 1460 Inque
430 1391 540 1444 dies
563 1392 738 1472 privos
762 1392 981 1444 aborisci
1005 1409 1230 1460 quaeque
1255 1398 1445 1459 creata,

228 1463 405 1582 fflffiie
429 1461 534 1513 alia.
557 1460 702 1514 illius
724 1460 956 1530 reparari
979 1461 1038 1513 in
1062 1468 1213 1530 parte
1236 1461 1466 1530 locoque,

359 1530 458 1582 cile
481 1536 561 1582 est
583 1530 786 1583 ratione
809 1531 991 1583 docere
1015 1536 1070 1582 et
1093 1532 1300 1584 vincere
1325 1532 1529 1595 verbis;

233 1599 428 1652 Ordine
451 1614 614 1668 quum
637 1600 815 1653 videas
837 1605 950 1652 tam
975 1605 1117 1652 certo
1139 1600 1311 1653 multa
1335 1601 1515 1653 creari.

774 1718 856 1771 De
878 1718 1019 1771 anni
1040 1717 1368 1788 temporibus.

236 1805 292 1857 It
315 1821 407 1858 ver
429 1808 484 1857 et
508 1803 703 1870 Venus,
727 1808 782 1856 et
805 1804 941 1857 veris
965 1804 1298 1872 praenuntius
1322 1807 1448 1856 ante

235 1873 508 1926 Pennatus
532 1873 777 1939 graditur
800 1873 1090 1941 Zephyrus,
1114 1873 1340 1940 vestigia
1363 1878 1577 1954 propter

235 1941 391 1994 Flora
415 1942 604 2010 quibus
628 1947 797 1994 mater
819 1959 1178 2010 praespargens
1203 1948 1327 1994 ante
1351 1942 1461 1994 viai

246 2011 452 2063 Cuncta
475 2010 731 2062 coloribus
755 2011 977 2078 egregiis
1001 2017 1057 2063 et
1081 2009 1321 2063 odoribus
1346 2009 1550 2077 opplet.

237 2080 371 2132 Inde
394 2079 495 2131 loci
518 2080 752 2146 sequitur
776 2079 916 2131 calor
939 2080 1134 2144 aridus,
1160 2085 1214 2131 et
1239 2096 1409 2132 comes
1433 2095 1542 2130 una
1808 2079 1911 2131 740

238 2148 616 2201 Pulverulenta
641 2148 806 2213 Ceres,
830 2154 883 2200 et
907 2148 1087 2201 Etesia
1109 2148 1273 2200 flabra
1288 2147 1637 2215 Aquilonum:
1749 2154 1754 2159 ’

243 2217 376 2269 Inde
400 2217 704 2269 Autumnus
728 2188 878 2279 ad'it3
913 2217 1156 2283 graditur
1178 2216 1335 2268 simul
1360 2216 1524 2268 Evius
1548 2216 1733 2279 Evan3

242 2285 375 2338 Inde
399 2286 516 2337 aliae
541 2291 878 2353 tempestates
902 2286 1153 2352 ventique
1176 2290 1483 2364 sequuntur,

242 2355 544 2407 Altitonans
570 2354 882 2421 Vulturnu8‚
908 2360 961 2406 et
986 2355 1181 2406 Auster
1204 2353 1427 2405 fulmine
1451 2352 1687 2434 pollens.

241 2423 475 2475 Tandem
499 2422 698 2475 Bruma
721 2422 868 2475 nives
892 2422 1061 2486 affert,
1086 2423 1398 2490 pigrumque
1421 2424 1648 2489 rigorem

245 2492 466 2544 Reddit:
504 2491 688 2544 Hiems
714 2492 964 2572 sequitur,
989 2492 1250 2558 crepitans
1274 2508 1335 2543 ac
1359 2490 1605 2542 dentibus
1633 2488 1815 2555 AlguS.

246 2562 400 2682 guo
383 2562 557 2612 minus
580 2565 661 2612 est
683 2561 893 2627 mirum,
919 2560 962 2611 si
986 2566 1129 2611 certo
1152 2566 1386 2628 tempore
1408 2559 1540 2610 luna

292 2630 508 2696 ignitur,
533 2634 587 2681 et
612 2635 754 2680 certo
777 2629 984 2680 deletur
1007 2635 1241 2696 tempore
1264 2643 1472 2688 rursus;

248 2698 424 2763 Quum
447 2698 560 2750 fieri
584 2698 784 2766 possint
805 2703 919 2750 tam
941 2703 1083 2749 certo
1106 2703 1339 2763 tempore
1361 2692 1545 2746 multa·
