2084 3000
727 217 946 272 LIBER
980 217 1306 284 QUINTUS.
1751 200 1865 271 171‘

241 318 519 401 Multaque
542 324 659 372 tum
683 321 942 373 interiisse
965 322 1297 374 animantum
1322 321 1476 374 saecla
1497 321 1705 374 necesse
1728 324 1823 386 est,

169 388 282 441 Nec
306 394 535 456 potuisse
560 390 895 457 propagando
918 391 1201 458 procudere
1224 391 1436 458 prolem.

170 457 326 523 Nam,
389 474 694 526 uaecumque
718 458 863 510 vides
886 460 1024 511 vesci
1050 458 1299 512 vitalibus
1322 459 1480 510 auris.

172 527 285 577 Aut
309 525 376 577 do
396 542 473 592 us,
497 532 592 578 aut
618 527 800 594 virtus,
824 533 920 579 aut
943 527 1167 595 denique
1190 528 1453 580 mobilitas
1478 541 1559 579 est

171 594 259 645 Ex
284 596 504 646 ineunte
529 612 639 647 aevo
663 612 830 662 genus
852 595 910 646 id
933 601 1128 660 tutata,
1152 612 1435 650 reservans.

171 662 456 730 Multaque
481 668 620 728 sunt,
646 664 794 716 nobis
819 681 884 715 ex
911 665 1147 716 utilitate
1172 680 1267 716 sua
1289 681 1409 732 quae

172 731 548 783 Commendata
571 738 802 798 manent,
826 733 1012 785 tutelae
1036 732 1235 784 tradita
1258 738 1461 785 nostrae.

171 800 453 869 Principio,
478 817 641 868 genus
665 817 783 853 acre
806 801 1017 853 leonum
1041 817 1280 868 saevaque
1306 800 1461 852 saecla
1541 841 1552 852 .
1744 802 1848 851 860

172 869 372 921 'futata
395 874 475 920 est
498 870 681 936 virtuS,
706 870 890 937 vulpes
914 869 1079 935 dolus,
1104 875 1168 921 ut
1189 870 1318 935 fuga
1342 885 1531 921 cervos.

172 937 250 989 At
272 937 560 992 levisomna
583 955 773 990 canum
798 938 901 989 fido
926 955 1045 989 cum
1070 944 1278 1006 pectore
1302 937 1476 1004 corda„

171 1005 246 1057 Et
268 1023 434 1072 genus
458 1022 623 1071 omne,
648 1006 787 1074 quod
810 1012 889 1058 est
913 1008 1145 1059 veterino
1170 1006 1366 1059 semine
1388 1011 1615 1074 partum,

175 1074 551 1142 Lanigeraeque
575 1075 732 1126 simul
755 1076 979 1143 pecudes
1002 1082 1059 1127 et
1080 1076 1272 1128 bucera
1296 1075 1463 1128 saecla.

176 1142 371 1195 Omnia
395 1149 519 1196 sunt
541 1144 814 1196 hominum
835 1144 1020 1196 tutelae
1043 1145 1255 1210 tradita,
1280 1143 1512 1198 Memmi.

171 1211 312 1263 Nam
337 1212 523 1279 cupide
547 1213 728 1280 fugere
751 1212 902 1279 feras,
925 1229 1213 1280 pacemque
1237 1218 1428 1265 secutoe

174 1279 328 1345 Sunt,
354 1286 408 1332 et
431 1280 578 1348 larga
602 1299 694 1333 suo
719 1281 830 1332 sine
854 1281 1049 1349 pabula
1071 1287 1225 1349 parta
1249 1281 1423 1333 labore
1435 1298 1452 1345 3

175 1348 306 1412 Quae
329 1349 515 1401 damus
537 1349 790 1402 utilitatis
813 1365 991 1401 eorum
1013 1350 1230 1417 praemia
1253 1366 1426 1401 causa.

173 1418 264 1484 At,
289 1418 406 1485 quis
430 1418 507 1469 nil
530 1418 718 1469 horum
741 1418 929 1469 tribuit
953 1424 1159 1484 natura,
1184 1434 1353 1485 neque
1377 1418 1491 1486 ipsa

173 1485 372 1554 Sponte
397 1504 493 1539 sua
514 1493 724 1556 possent
747 1492 810 1540 ut
833 1487 1020 1554 vivere,
1045 1505 1142 1540 nec
1167 1487 1290 1541 dare
1313 1485 1462 1539 nobis
1743 1484 1849 1539 870

175 1555 480 1607 Utilitatem
501 1557 748 1624 aliquam,
774 1574 932 1623 quare
956 1562 1254 1625 pateremur
1277 1572 1456 1607 eorum

174 1622 426 1675 Praesidio
449 1630 625 1676 nostro
648 1626 794 1693 pasci
815 1641 996 1693 genuS,
1021 1642 1233 1692 esseque
1256 1625 1470 1676 tutum?

175 1691 389 1744 Scilicet
412 1692 526 1744 haec
550 1693 668 1745 aliis
692 1694 881 1761 praedae
906 1694 1155 1762 lucroque
1171 1693 1422 1761 jacebant

177 1760 500 1829 Indupedita
524 1762 631 1814 suis
653 1761 905 1814 fatalibus
929 1763 1107 1814 omnia
1129 1761 1331 1828 vinclis,

173 1829 355 1883 Donec
377 1829 446 1882 ad
468 1829 740 1883 interitum
764 1848 930 1899 genus
952 1831 1009 1882 id
1032 1836 1226 1884 natura
1247 1829 1464 1901 redegit.

814 1947 895 2001 De
922 1945 1215 2001 (lentam.

245 2031 348 2084 Sed
371 2048 539 2101 neque
564 2032 813 2086 Centauri
834 2033 1068 2099 fuerunt,
1092 2050 1262 2102 neque
1286 2037 1520 2100 tempore
1543 2030 1602 2083 in
1624 2030 1736 2083 ullo

176 2100 306 2154 Esse
330 2107 560 2169 queunt;
584 2102 784 2171 duplici
806 2108 1000 2154 natura
1023 2109 1079 2155 et
1102 2119 1313 2170 corpore
1335 2101 1461 2159 bino

175 2169 262 2222 Ex
286 2170 594 2237 alienigenis
617 2169 864 2222 membris
888 2176 1161 2238 compacta
1185 2175 1429 2239 potestaS,

175 2237 322 2290 Hinc
344 2238 492 2291 illinc
515 2256 613 2308 par
636 2240 716 2292 vis
738 2246 802 2291 ut
824 2256 931 2291 non
955 2239 1028 2291 sic
1053 2255 1163 2291 esse
1186 2239 1324 2308 potis
1349 2240 1430 2293 sit.

175 2306 242 2360 Id
266 2308 392 2360 licet
414 2308 540 2360 hinc
564 2308 802 2376 quamvis
825 2307 1003 2360 hebeti
1026 2324 1334 2375 cognoscere
1357 2306 1524 2360 corde.
1749 2306 1854 2357 880

247 2376 528 2445 Principio,
554 2378 751 2429 circum
774 2376 944 2429 tribus
968 2377 1101 2429 actis
1126 2376 1349 2445 impiger
1372 2376 1525 2429 annis

175 2444 355 2498 Floret
379 2462 570 2515 equus3
595 2462 727 2514 puer
750 2445 896 2498 haud
920 2462 1202 2513 quaquam,
1219 2446 1345 2514 quia
1368 2461 1504 2513 saepe
1527 2441 1689 2495 etiam
1711 2457 1856 2496 nunc

175 2513 352 2566 Ubera
374 2531 722 2567 mammarum
745 2515 801 2566 in
827 2514 1021 2566 somnis
1043 2515 1303 2567 lactantia
1326 2517 1525 2582 quaeret

177 2582 318 2650 Post,
343 2582 437 2635 ubi
460 2599 656 2651 equum
679 2584 868 2636 validae
892 2583 1043 2650 vires,
1069 2589 1226 2636 aetate
1251 2586 1475 2647 senecta,

178 2651 520 2720 Membraque
544 2652 814 2718 deficiunt,
838 2651 1069 2719 fugienti
1092 2651 1348 2718 languida
1371 2648 1484 2701 vita
1494 2665 1511 2713 3

178 2720 317 2773 'rum
340 2720 569 2789 demum,
593 2720 786 2789 puerili
808 2737 919 2775 aevo
941 2720 1176 2787 florente,
1193 2722 1442 2788 juventas
