2084 3000
168 197 235 252 74
775 197 833 250 T.
870 197 1201 251 LUGRETII

173 295 384 364 Integer
405 300 460 349 et
482 296 562 350 lar
597 315 627 349 e
649 297 839 350 diffuso
861 297 1064 350 lumine
1086 296 1237 350 ridet.

170 365 361 418 Omnia
384 382 483 446 sup
587 367 687 419 ‘tat
776 383 860 419 rro
883 371 1090 432 natura,
1114 383 1285 432 neque
1308 365 1418 418 ulla

172 431 276 486 Res
298 433 462 486 anim
486 450 668 501 paoem
728 433 891 487 elibat
913 439 1146 503 tempore
1169 434 1227 486 in
1250 433 1375 487 ullo.

171 501 247 553 At
269 507 452 555 eontra
473 518 735 569 nusquam
757 507 1014 570 apparent
1039 502 1328 554 Acherusia
1350 499 1548 569 templa
1566 518 1582 564 ;

173 569 285 622 Neo
308 569 466 622 tellus
490 568 676 637 obstat,
701 570 831 637 quin
854 570 1029 622 omnia
1054 570 1426 639 despiciantur,

174 636 285 689 Sub
307 637 525 704 pedibus
582 654 785 690 uaeeum
818 655 885 691 ue
907 637 1049 691 infra
1071 655 1165 707 per
1187 639 1344 691 inane
1366 641 1635 705 geruntur.

175 705 277 758 His
299 705 375 758 ibi
397 722 482 758 me
505 723 561 759 re
598 723 656 759 us
680 723 794 775 quae
831 723 918 759 am
942 706 1124 759 divina
1146 706 1390 774 voluptas

177 773 410 843 Percipit
432 779 589 843 atque
612 775 820 838 horror;
852 775 992 843 quod
1015 775 1091 827 sie
1113 780 1306 828 natura
1330 780 1424 827 tua
1447 774 1502 826 vi

177 842 308 895 'l'am
329 843 611 895 manifesta
701 850 817 896 tens
839 860 907 895 ex
931 843 1075 897 omni
1096 849 1245 911 parte
1268 848 1466 895 retecta
1488 846 1581 895 est.
1776 841 1847 891 30

247 910 320 965 Et
342 912 589 979 quoniam
649 912 781 978 oeui,
806 917 1116 964 cunctarum
1139 911 1353 965 exordia
1374 927 1549 964 rerum

181 979 372 1043 Qualia
394 980 516 1046 sint,
539 986 595 1032 et
617 997 777 1047 quam
799 980 957 1032 variis
981 979 1237 1033 distantia
1258 980 1439 1033 formis
1538 1031 1548 1039 ,

181 1047 378 1116 Sponte
402 1064 496 1100 sua
518 1048 741 1100 volitent
764 1053 956 1101 aeterno
980 1048 1183 1116 percita
1203 1052 1368 1114 motu,

184 1115 402 1183 Quoque
423 1115 576 1168 modo
603 1117 799 1183 possint
820 1134 901 1169 res
926 1134 992 1169 ex
1017 1117 1100 1169 his
1124 1134 1242 1189 quae
1277 1134 1345 1168 ue
1368 1116 1531 1169 creari
1550 1134 1566 1179 3

186 1184 358 1237 Hasce
382 1183 671 1237 secundum
691 1201 774 1237 res
798 1185 963 1238 animi
984 1191 1182 1238 natura
1202 1185 1257 1237 vi
1293 1191 1424 1251 etur,

184 1252 359 1321 Atque
382 1252 569 1304 animoe
593 1252 840 1306 claranda
861 1253 990 1305 meis
1005 1255 1122 1322 jam
1144 1253 1380 1306 versibus,
1401 1270 1509 1305 esse
1532 1271 1547 1315 3

187 1320 258 1373 Et
279 1325 451 1374 metus
474 1321 564 1373 ille
587 1320 725 1374 foras
748 1338 978 1391 praeoeps
1002 1321 1322 1375 Acheruntis
1345 1321 1594 1402 agendus,

189 1389 453 1442 Funditus
475 1389 763 1443 humanam
784 1390 877 1458 qui
902 1390 1070 1442 vitam
1094 1389 1275 1443 turbat
1298 1389 1365 1443 ab
1388 1406 1507 1457 imo,

190 1458 381 1512 Omnia
405 1457 710 1511 suffundens
731 1458 915 1512 mortis
938 1458 1159 1527 nigrore,
1183 1475 1352 1528 neque
1375 1458 1542 1512 ullam

189 1528 316 1581 Esse
338 1528 665 1599 voluptatem
687 1528 945 1597 liquidam
967 1545 1259 1598 puramque
1281 1528 1547 1598 relinquit.
1790 1528 1862 1578 40

553 1636 810 1691 Homines
831 1646 1046 1691 mortem
1068 1637 1301 1692 maxime
1322 1638 1516 1692 timere.

261 1730 415 1797 Nam,
439 1730 578 1797 quod
601 1746 736 1797 saepe
758 1730 994 1783 homines
1016 1728 1221 1784 morbos
1243 1730 1412 1799 magis
1434 1746 1545 1782 esse
1567 1728 1826 1782 timendos

196 1797 558 1865 Infamemque
580 1798 761 1851 ferunt
783 1798 964 1864 vitam,
989 1815 1150 1867 quam
1173 1799 1392 1852 Tartara
1414 1798 1539 1862 1eti;

195 1868 268 1921 Et
291 1884 345 1919 se
369 1867 499 1919 seire
521 1866 709 1918 animae
733 1870 981 1918 naturam
1005 1868 1276 1935 sanguinis
1299 1885 1424 1934 esse,

196 1935 309 1989 Aut
332 1935 494 1987 etiam
517 1935 678 1999 venti,
702 1934 745 1986 si
769 1933 874 1988 fert
897 1934 976 1987 ita
996 1936 1134 1989 forte
1156 1936 1417 2003 voluntas,

196 2005 309 2058 Neo
331 2020 567 2071 prorsum
590 2002 876 2070 quidquam
899 2009 1088 2055 nostrae
1109 2004 1328 2058 rationis
1352 2020 1502 2072 egere
1521 2022 1540 2068 ς

201 2073 344 2126 Hinc
365 2072 491 2124 lieet
515 2072 756 2124 advertas
779 2070 1032 2139 animum,
1055 2074 1224 2140 magis
1248 2073 1424 2125 omnia
1448 2072 1638 2140 laudis,

201 2142 241 2194 J
242 2141 408 2193 aetari
432 2157 603 2207 eausa,
629 2156 789 2208 quam
849 2140 950 2192 uod
974 2158 1057 2193 res
1080 2142 1195 2209 ipsa
1216 2141 1499 2209 probetur:

202 2210 451 2263 Exterres
474 2208 619 2261 idem
641 2208 815 2277 patria
858 2224 888 2260 o
1026 2226 1094 2262 ue
1117 2209 1293 2290 fugati

204 2279 495 2346 Conspectu
519 2294 587 2330 ex
608 2277 896 2342 hominum,
1064 2278 1109 2329 ti
1132 2278 1351 2331 crimine
1373 2278 1534 2347 turpi,

205 2345 459 2400 Omnibus
483 2346 729 2398 oerumnis
753 2344 930 2398 affecti
953 2346 1181 2414 denique
1204 2346 1424 2409 vivunt3
1807 2348 1878 2397 60

205 2415 278 2468 Et
300 2431 628 2483 quocumque
650 2419 831 2468 tamen
851 2414 1029 2466 miseri
1053 2430 1254 2480 venere,
1278 2419 1578 2482 parentant,

206 2482 280 2534 Et
302 2483 479 2549 nigras
502 2487 742 2534 mactant
765 2481 1006 2549 pecudes,
1029 2486 1084 2533 et
1106 2480 1340 2534 manibu'
1365 2482 1501 2535 divis

210 2550 434 2604 Inferias
457 2550 714 2604 mittunt:
749 2548 1025 2615 multoque
1047 2548 1104 2599 in
1127 2547 1280 2600 rebus
1304 2549 1503 2601 acerbis

207 2617 399 2671 Acrius
422 2618 708 2670 advertunt
730 2616 930 2669 animos
954 2615 1023 2666 ad
1046 2614 1367 2681 religionem.

281 2684 397 2748 Quo
419 2686 587 2753 magis
610 2686 669 2737 in
693 2683 866 2736 dubiis
889 2682 1156 2734 hominem
1179 2688 1413 2750 spectare
1435 2683 1645 2752 periclis
