2084 3000
724 198 942 253 LIBER
977 196 1317 265 QUARTUS.
1763 202 1864 255 136

183 297 306 350 Aut
329 298 491 351 etiam
513 298 736 367 conchis,
761 305 857 353 aut
880 300 1030 367 callo,
1053 307 1149 353 aut
1173 301 1367 354 cortice
1386 303 1584 354 tectae&

188 367 505 419 Interiorem
528 368 690 420 etiam
713 374 917 436 partem
942 369 1262 437 spirantibus
1286 371 1378 422 aer

189 435 448 488 Verberat
471 435 558 488 hic
581 436 737 502 idem,
763 452 926 504 quum
949 438 1160 490 ducitur
1182 444 1345 504 atque
1366 437 1597 490 reflatur.

191 504 369 568 Quare
392 504 657 572 umque
681 521 827 557 secus
850 523 1011 573 quum
1034 523 1222 574 corpus
1245 505 1476 574 vapulet,
1493 512 1548 557 et
1571 519 1741 573 quum
1758 505 1864 557 940

191 572 513 625 Perveniant
535 574 705 641 plagae
728 590 822 642 per
845 591 1007 641 parva
1021 573 1280 626 foramina
1301 573 1450 626 nobis

192 641 433 709 Corporis
456 641 525 694 ad
547 642 743 710 primas
766 648 940 710 partes
964 642 1326 709 elementaque
1348 642 1550 709 prima5

193 709 288 762 Fit
310 709 459 777 quasi
483 709 741 777 paulatim
763 709 911 762 nobis
937 726 1028 778 per
1049 709 1281 762 membra
1303 710 1472 763 ruina.

195 776 590 830 Conturbantur
611 779 753 831 enim
776 778 1019 846 positurae
1042 778 1418 847 principiorum

196 846 434 914 Corporis
457 852 615 913 atque
639 846 819 913 animi,
843 846 916 898 sic
940 852 1004 898 ut
1026 863 1148 914 pars
1169 846 1292 899 inde
1315 847 1515 899 anima'i

196 913 473 981 Eliciatur‚
497 920 551 966 et
574 915 855 967 introrsum
880 932 1000 983 pars
1024 914 1208 968 abdita
1230 914 1413 976 cedat3

198 981 330 1035 Pars
353 984 514 1035 etiam
537 982 790 1036 distracta
811 1000 904 1051 per
927 990 1076 1036 artus
1098 999 1205 1035 non
1228 988 1389 1051 queat
1412 1000 1522 1035 esse

199 1050 494 1118 conjuncta
516 1051 655 1103 inter
677 1069 749 1113 se,
772 1068 940 1120 neque
962 1057 1113 1103 motu
1134 1058 1323 1106 mutua
1342 1051 1532 1118 fungi:

200 1120 351 1171 Inter
374 1119 515 1171 enim
538 1136 592 1172 se
629 1119 673 1171 it
696 1126 859 1173 coetus
882 1127 1075 1172 natura
1096 1119 1151 1172 vi
1245 1137 1325 1172 ue.

200 1186 341 1255 Ergo
366 1204 544 1239 sensus
567 1137 679 1241 abit
700 1189 922 1241 mutatis
944 1187 1172 1240 motibus
1249 1194 1315 1240 te.
1764 1187 1869 1240 950

200 1255 275 1309 Et
299 1256 545 1322 quoniam
567 1273 673 1308 non
696 1267 790 1322 est,
814 1257 965 1323 quasi
987 1256 1128 1324 quod
1151 1254 1419 1308 suffulciat
1441 1261 1604 1322 artus,

201 1323 388 1377 Debile
409 1323 472 1378 fit
495 1341 694 1393 corpus,
717 1324 1066 1391 languescunt
1089 1323 1265 1376 omnia
1285 1323 1547 1386 membra;

202 1391 433 1446 Brachia
454 1392 817 1473 palpebraeque
839 1393 1051 1460 cadunt,
1075 1391 1401 1461 poplitesque
1424 1390 1642 1444 cubanti

203 1459 354 1531 Saepe
376 1467 554 1515 taman
577 1460 972 1528 submittuntur,
995 1462 1233 1530 viresque
1253 1459 1537 1514 resolvunt.

277 1529 480 1582 Deinde
503 1530 677 1582 cibum
701 1531 937 1599 sequitur
961 1548 1171 1583 somnus
1210 1529 1351 1597 quia,
1375 1544 1493 1597 quae
1517 1528 1646 1580 facit
1670 1530 1778 1593 air,

206 1597 340 1652 Haec
362 1598 544 1651 eadem
568 1599 726 1666 cibus,
744 1599 803 1651 in
826 1616 984 1651 venas
1008 1600 1137 1651 dum
1159 1571 1361 1651 diditur
1384 1613 1575 1663 omnes,

207 1666 417 1719 Efficit:
453 1673 508 1719 et
530 1666 698 1719 multo
722 1684 870 1735 sopor
892 1666 983 1719 ille
1005 1667 1342 1734 gravissimus
1365 1669 1555 1731 exstat,

210 1735 381 1800 Quem
403 1739 551 1787 satur
573 1740 668 1787 aut
689 1735 857 1787 lassus
880 1735 1087 1803 capias3
1122 1735 1248 1803 quia
1269 1734 1499 1802 plurima
1523 1740 1638 1786 tum
1662 1749 1716 1784 se

209 1802 434 1871 Corpora
457 1802 773 1856 conturbant
795 1820 987 1871 magno
1011 1810 1231 1856 contusa
1252 1802 1446 1856 laboro.

209 1870 300 1925 Fit
320 1871 523 1924 ratione
547 1871 728 1924 eadem
751 1875 1016 1940 conjectus
1039 1878 1190 1942 parte
1213 1872 1416 1926 animai
1773 1868 1877 1922 960

210 1939 397 2002 Altior,
420 1945 581 2007 atque
604 1939 740 1992 foras
763 1942 961 2008 ejectus
984 1941 1178 2009 largior
1202 1942 1331 2009 ejus,

210 2006 283 2060 Et
306 2008 518 2060 divisior
540 2009 679 2060 inter
701 2025 755 2060 se
778 2025 841 2061 ac
864 2009 1162 2064 distractior
1183 2010 1342 2063 intus.

887 2123 968 2176 De
989 2125 1200 2177 somnis.

283 2206 370 2273 Et,
394 2223 497 2275 quo
522 2207 738 2275 quisque
762 2206 871 2259 fere
896 2207 1070 2258 studio
1094 2207 1369 2259 devinctus
1394 2205 1642 2272 adhaeret,

216 2274 328 2327 Aut
351 2274 543 2342 quibus
564 2276 623 2329 in
644 2274 799 2328 rebus
821 2273 1052 2326 multum
1075 2291 1255 2325 sumus
1278 2278 1403 2326 ante
1424 2274 1629 2340 morati,

217 2343 392 2411 Atque
415 2343 472 2394 in
496 2360 560 2395 ea
580 2343 783 2396 ratione
803 2342 910 2394 fuit
935 2348 1184 2394 contenta
1204 2342 1372 2407 magis
1394 2358 1573 2404 mens;

221 2411 285 2463 In
310 2411 502 2462 somnis
525 2412 706 2464 eadem
730 2411 1036 2479 plerumque
1060 2410 1300 2463 videmur
1323 2408 1491 2462 obire:

221 2479 481 2531 Causidici
504 2496 684 2532 causas
706 2495 861 2546 agere
884 2484 939 2531 et
961 2493 1268 2547 componere
1289 2476 1431 2543 leges
1451 2494 1465 2539 ;

223 2547 624 2616 Induperatores
647 2563 881 2615 pugnare
903 2563 965 2600 ac
988 2546 1175 2615 proelia
1198 2544 1370 2606 obire;

223 2615 414 2668 Nautes
438 2621 767 2668 contractum
790 2630 911 2666 cum
933 2614 1105 2668 ventis
1130 2629 1338 2666 cernere
1360 2609 1590 2671 bellum3

340 2700 357 2729 ¹
376 2705 465 2746 Aut
481 2710 576 2745 eut·
593 2707 818 2753 conclu-03
850 2706 945 2746 MS.
1334 2706 1354 2735 Ι
1383 2704 1546 2747 tamem
1577 2697 1673 2740 ΜΕ.

1387 2846 1444 2858 ...-
