2084 3000
224 188 329 239 168
850 182 907 235 Τ.
942 180 1279 235 LUORETH

294 285 426 339 Solis
449 284 580 339 item
602 300 808 352 quoque
831 283 1068 336 defectus
1091 283 1335 351 lunaeque
1358 281 1600 349 latebm,
1803 283 1917 337 750

225 353 471 406 Pluribus
495 371 524 407 e
548 352 716 406 causis
739 352 853 404 fieri
875 352 975 404 tibi
998 367 1149 419 posse
1173 351 1471 419 putandum
1497 356 1589 404 est.

224 423 365 475 Nam
388 439 482 475 cur
504 422 633 478 luna
657 425 818 487 queat
842 426 1037 472 terram
1063 420 1343 486 secludere,
1368 419 1552 488 poscis,

225 491 465 557 Lumina,
490 495 545 543 et
567 507 600 542 a
622 489 774 541 terris
799 488 970 540 altum
994 495 1155 556 caput
1179 487 1444 540 obstruere
1467 488 1532 555 ei,

228 559 490 627 Objiciens
515 574 709 611 caecum
730 556 891 610 radiis
915 557 1221 609 ardentibus
1245 555 1457 609 orbem?

227 628 478 696 Tempore
502 626 682 680 eodem
705 625 855 678 aliud
879 626 1052 678 facere
1074 625 1131 677 id
1154 642 1261 678 non
1284 642 1432 693 posse
1456 628 1678 695 putetur

232 697 445 764 Corpus,
471 695 612 764 quod
636 712 840 748 cassum
862 693 1073 747 labatur
1094 692 1297 745 lumine
1320 694 1556 773 semper?

301 765 492 834 Solque
516 782 632 820 suos
656 764 818 818 etiam
840 763 1107 815 dimittere
1130 761 1415 829 languidus
1438 779 1587 829 ignes

227 834 478 903 Tempore
501 850 596 886 cur
618 838 758 886 certo
781 849 820 885 n
884 838 1023 898 ueat,
1048 847 1384 899 recreareque
1407 830 1604 899 lumen,

230 903 406 967 Quum
429 901 545 956 loca
566 901 821 972 praeteriit
882 900 1068 953 ammis
1092 898 1286 952 infesta
1308 917 1402 969 per
1425 916 1593 968 auras,

230 971 359 1035 Quae
383 972 594 1023 faciunt
618 970 766 1037 ignes
788 968 1129 1036 interstingui
1151 973 1312 1037 atque
1336 968 1538 1038 perire?
1803 972 1914 1026 760

228 1040 301 1092 Et
324 1056 417 1092 cur
441 1044 581 1092 terra
602 1043 763 1106 queat
786 1036 968 1089 lunam
992 1037 1215 1106 spoliare
1238 1037 1469 1091 vicissim

228 1107 466 1171 Lumine,
490 1112 545 1159 et
568 1122 869 1174 oppressum
894 1106 1055 1158 solem
1079 1122 1234 1174 super
1255 1106 1371 1175 ipsa
1394 1112 1585 1173 tenere,

228 1175 505 1227 Menstrua
528 1175 656 1226 dum
678 1173 875 1241 rigidas
899 1175 1017 1227 coni
1040 1173 1331 1243 perlabitur
1355 1173 1612 1240 umbras3.

229 1245 479 1312 Tempore
503 1243 683 1296 eodem
706 1242 853 1296 aliud
875 1249 1104 1311 nequeat
1128 1259 1424 1296 succurrere
1446 1243 1589 1296 lunae

230 1313 441 1382 Corpus,
464 1313 549 1365 vel
573 1330 732 1381 supra
755 1312 876 1365 solis
899 1312 1157 1381 perlabier
1180 1311 1371 1379 orbem,

231 1382 382 1446 Quod
405 1382 578 1434 radios
600 1381 856 1435 intertum
895 1386 967 1448 at,
990 1380 1274 1450 lumenque
1296 1379 1603 1450 profusum?

231 1451 303 1505 Et
328 1457 506 1505 tamen
528 1452 643 1521 ipsa
667 1468 760 1504 suo
784 1451 829 1504 si
880 1450 1023 1518 ulget
1046 1449 1176 1503 luna
1199 1450 1384 1519 nitore,

232 1522 334 1574 Cur
355 1527 585 1590 nequeat
608 1525 751 1574 certa
772 1519 960 1572 mundi
983 1519 1320 1586 languescere
1343 1527 1507 1589 parte,

229 1590 373 1643 Dum
395 1590 510 1642 loca
532 1589 819 1643 luminibus
843 1589 1066 1657 propriis
1089 1589 1305 1643 inimica
1327 1605 1421 1656 per
1447 1589 1594 1642 exiti

306 1660 458 1724 Quod
482 1664 728 1727 superest,
753 1658 1000 1726 quoniam
1022 1657 1206 1725 magni
1228 1675 1322 1725 per
1346 1659 1538 1711 coerula
1559 1660 1747 1712 mundi
1807 1661 1913 1715 770

233 1727 351 1794 Qua
373 1728 487 1781 fieri
510 1727 767 1798 quidquid
792 1732 964 1797 posset
987 1726 1203 1793 ratione,
1229 1726 1444 1781 resolvi:

692 1845 774 1898 De
796 1847 919 1899 solis
942 1855 988 1901 et
1010 1846 1154 1900 lunae
1177 1846 1447 1917 offeccione.

230 1929 365 1983 Solis
389 1930 470 1982 uti
493 1930 664 1983 varios
688 1947 870 1984 cursus
892 1932 1136 2001 lunaeque
1158 1940 1363 1987 meatus

229 1999 281 2051 N
283 2015 452 2051 escere
474 2015 751 2066 possemus,
778 2015 891 2067 quae
916 2001 995 2053 vis
1021 2014 1075 2054 et
1100 2019 1258 2055 causa
1282 2003 1479 2066 cieret3

232 2068 410 2131 Quove
431 2066 586 2118 modo
609 2067 812 2120 soleant
836 2069 1020 2122 offecto
1046 2070 1245 2124 lumine
1270 2071 1428 2137 obire,

230 2136 302 2188 Et
325 2152 422 2187 nec
445 2136 720 2202 opinantes
745 2137 972 2190 tenebris
996 2138 1252 2193 obducere
1277 2147 1473 2204 terras3

231 2204 411 2265 Quum
433 2205 583 2272 quasi
608 2206 906 2274 connivent,
931 2213 985 2260 et
1010 2215 1192 2276 aperto
1218 2208 1417 2262 lumine
1439 2225 1648 2263 rursum

230 2272 420 2327 Omnia
443 2274 721 2328 convisunt
745 2275 887 2330 clara
909 2275 1024 2329 loca
1049 2276 1275 2330 candida
1298 2278 1431 2331 luce.

251 2393 332 2448 De
355 2395 579 2448 novitate
604 2413 781 2449 rerum
804 2397 1003 2450 mundi
1023 2407 1070 2451 et
1092 2397 1431 2468 dispositione
1454 2415 1568 2467 quoe
1589 2398 1654 2450 in
1675 2413 1729 2451 eo
1753 2406 1891 2452 sunt,

296 2479 452 2531 Nunc
474 2480 627 2532 redeo
650 2481 719 2532 ad
742 2481 929 2532 mundi
953 2482 1246 2534 novitatem
1269 2487 1323 2534 et
1345 2482 1527 2534 mollia
1549 2489 1703 2536 terrae

228 2545 401 2609 Arva3
425 2564 559 2599 novo
583 2548 714 2599 foetu
740 2548 869 2613 quid
892 2549 1121 2615 primum
1144 2549 1203 2600 in
1226 2549 1442 2600 luminis
1466 2567 1582 2603 oras

227 2612 429 2664 Tollere
452 2619 506 2665 et
529 2615 742 2666 incertis
768 2615 991 2666 creduut
1015 2617 1342 2667 committere
1366 2618 1550 2669 ventis.
1808 2618 1908 2673 780

295 2678 579 2747 Principio,
604 2698 771 2748 genus
793 2682 1075 2735 herbarum
1099 2684 1421 2751 viridemque
1446 2686 1673 2738 nitorem
