<?xml version="1.0" encoding="UTF-8"?>
<!DOCTYPE html PUBLIC "-//W3C//DTD XHTML 1.0 Transitional//EN"
    "http://www.w3.org/TR/xhtml1/DTD/xhtml1-transitional.dtd">
<html xmlns="http://www.w3.org/1999/xhtml" xml:lang="en" lang="en">
 <head>
  <title>
</title>
<meta http-equiv="Content-Type" content="text/html;charset=utf-8" />
  <meta name='ocr-system' content='tesseract 3.04.00' />
  <meta name='ocr-capabilities' content='ocr_page ocr_carea ocr_par ocr_line ocrx_word'/>
</head>
<body>
  <div class='ocr_page' id='page_1' title='image "./tlucretiicaride04carugoog_0241.png"; bbox 0 0 2084 3000; ppageno 0'>
   <div class='ocr_carea' id='block_1_1' title="bbox 736 196 1828 249">
    <p class='ocr_par' dir='ltr' id='par_1_1' title="bbox 736 196 1828 249">
     <span class='ocr_line' id='line_1_1' title="bbox 736 196 1828 249; baseline 0 0"><span class='ocrx_word' id='word_1_1' title='bbox 736 196 951 249; x_wconf 83' lang='lat' dir='ltr'><strong>LIBER.</strong></span> <span class='ocrx_word' id='word_1_2' title='bbox 986 196 1267 249; x_wconf 83' lang='lat' dir='ltr'><strong>SEXTUS.</strong></span> <span class='ocrx_word' id='word_1_3' title='bbox 1731 200 1828 249; x_wconf 74' lang='lat'>221</span> 
     </span>
    </p>
   </div>
   <div class='ocr_carea' id='block_1_2' title="bbox 157 295 1832 1662">
    <p class='ocr_par' dir='ltr' id='par_1_2' title="bbox 161 295 1340 364">
     <span class='ocr_line' id='line_1_2' title="bbox 161 295 1340 364; baseline 0.001 -17"><span class='ocrx_word' id='word_1_4' title='bbox 161 295 237 347; x_wconf 90' lang='lat' dir='ltr'>Ut</span> <span class='ocrx_word' id='word_1_5' title='bbox 259 295 389 347; x_wconf 83' lang='lat' dir='ltr'>vitio</span> <span class='ocrx_word' id='word_1_6' title='bbox 413 312 558 349; x_wconf 73' lang='lat' dir='ltr'>venae</span> <span class='ocrx_word' id='word_1_7' title='bbox 582 295 881 348; x_wconf 86' lang='lat' dir='ltr'>tabularum</span> <span class='ocrx_word' id='word_1_8' title='bbox 906 296 1095 363; x_wconf 87' lang='lat' dir='ltr'>saepius</span> <span class='ocrx_word' id='word_1_9' title='bbox 1118 296 1340 364; x_wconf 79' lang='lat' dir='ltr'><strong>hiscant,</strong></span> 
     </span>
    </p>

    <p class='ocr_par' dir='ltr' id='par_1_3' title="bbox 161 364 1832 432">
     <span class='ocr_line' id='line_1_3' title="bbox 161 364 1832 432; baseline 0 -17"><span class='ocrx_word' id='word_1_10' title='bbox 161 364 330 426; x_wconf 84' lang='lat' dir='ltr'>Quam</span> <span class='ocrx_word' id='word_1_11' title='bbox 352 366 531 417; x_wconf 84' lang='lat' dir='ltr'>laxare</span> <span class='ocrx_word' id='word_1_12' title='bbox 555 371 750 432; x_wconf 89' lang='lat' dir='ltr'>queant</span> <span class='ocrx_word' id='word_1_13' title='bbox 773 381 1047 432; x_wconf 79' lang='lat' dir='ltr'>compages</span> <span class='ocrx_word' id='word_1_14' title='bbox 1070 371 1253 417; x_wconf 84' lang='lat' dir='ltr'>taurea</span> <span class='ocrx_word' id='word_1_15' title='bbox 1275 365 1461 419; x_wconf 85' lang='lat' dir='ltr'>vincla.</span> <span class='ocrx_word' id='word_1_16' title='bbox 1700 365 1832 417; x_wconf 89' lang='lat'>1070</span> 
     </span>
    </p>

    <p class='ocr_par' dir='ltr' id='par_1_4' title="bbox 162 431 1348 499">
     <span class='ocr_line' id='line_1_4' title="bbox 162 431 1348 499; baseline 0.003 -16"><span class='ocrx_word' id='word_1_17' title='bbox 162 431 398 499; x_wconf 86' lang='lat' dir='ltr'>Vitigeni</span> <span class='ocrx_word' id='word_1_18' title='bbox 420 434 601 485; x_wconf 86' lang='lat' dir='ltr'>latices</span> <span class='ocrx_word' id='word_1_19' title='bbox 625 434 683 484; x_wconf 92' lang='lat' dir='ltr'>in</span> <span class='ocrx_word' id='word_1_20' title='bbox 706 437 866 499; x_wconf 79' lang='lat' dir='ltr'>aquai</span> <span class='ocrx_word' id='word_1_21' title='bbox 890 433 1127 486; x_wconf 87' lang='lat' dir='ltr'>fontibus</span> <span class='ocrx_word' id='word_1_22' title='bbox 1151 435 1348 486; x_wconf 86' lang='lat' dir='ltr'>audent</span> 
     </span>
    </p>

    <p class='ocr_par' dir='ltr' id='par_1_5' title="bbox 159 499 1588 569">
     <span class='ocr_line' id='line_1_5' title="bbox 159 499 1588 569; baseline 0.001 -18"><span class='ocrx_word' id='word_1_23' title='bbox 159 499 385 567; x_wconf 82' lang='lat' dir='ltr'>Misceri,</span> <span class='ocrx_word' id='word_1_24' title='bbox 405 518 565 569; x_wconf 90' lang='lat' dir='ltr'>quum</span> <span class='ocrx_word' id='word_1_25' title='bbox 589 501 683 569; x_wconf 84' lang='lat' dir='ltr'>pix</span> <span class='ocrx_word' id='word_1_26' title='bbox 706 507 934 569; x_wconf 82' lang='lat' dir='ltr'>nequeat</span> <span class='ocrx_word' id='word_1_27' title='bbox 956 502 1133 567; x_wconf 85' lang='lat' dir='ltr'>gravis</span> <span class='ocrx_word' id='word_1_28' title='bbox 1156 508 1210 552; x_wconf 91' lang='lat' dir='ltr'>et</span> <span class='ocrx_word' id='word_1_29' title='bbox 1230 502 1345 554; x_wconf 87' lang='lat' dir='ltr'>leve</span> <span class='ocrx_word' id='word_1_30' title='bbox 1368 502 1588 556; x_wconf 83' lang='lat' dir='ltr'>olivum:</span> 
     </span>
    </p>

    <p class='ocr_par' dir='ltr' id='par_1_6' title="bbox 160 569 1379 638">
     <span class='ocr_line' id='line_1_6' title="bbox 160 569 1379 638; baseline 0.002 -18"><span class='ocrx_word' id='word_1_31' title='bbox 160 569 562 638; x_wconf 81' lang='lat' dir='ltr'>Purpureusque</span> <span class='ocrx_word' id='word_1_32' title='bbox 586 570 722 621; x_wconf 88' lang='lat' dir='ltr'>colos</span> <span class='ocrx_word' id='word_1_33' title='bbox 746 569 989 635; x_wconf 80' lang='lat' dir='ltr'>conchyli</span> <span class='ocrx_word' id='word_1_34' title='bbox 1004 569 1253 636; x_wconf 86' lang='lat' dir='ltr'>jungitur</span> <span class='ocrx_word' id='word_1_35' title='bbox 1275 587 1379 622; x_wconf 87' lang='lat' dir='ltr'>uno</span> 
     </span>
    </p>

    <p class='ocr_par' dir='ltr' id='par_1_7' title="bbox 161 637 1588 706">
     <span class='ocr_line' id='line_1_7' title="bbox 161 637 1588 706; baseline 0 -16"><span class='ocrx_word' id='word_1_36' title='bbox 161 638 378 706; x_wconf 82' lang='lat' dir='ltr'>Corpore</span> <span class='ocrx_word' id='word_1_37' title='bbox 402 655 522 690; x_wconf 91' lang='lat' dir='ltr'>cum</span> <span class='ocrx_word' id='word_1_38' title='bbox 545 637 695 703; x_wconf 85' lang='lat' dir='ltr'>lanae,</span> <span class='ocrx_word' id='word_1_39' title='bbox 720 637 896 688; x_wconf 88' lang='lat' dir='ltr'>dirimi</span> <span class='ocrx_word' id='word_1_40' title='bbox 922 638 1014 703; x_wconf 91' lang='lat' dir='ltr'>qui</span> <span class='ocrx_word' id='word_1_41' title='bbox 1036 653 1143 687; x_wconf 88' lang='lat' dir='ltr'>non</span> <span class='ocrx_word' id='word_1_42' title='bbox 1169 643 1325 703; x_wconf 86' lang='lat' dir='ltr'>queat</span> <span class='ocrx_word' id='word_1_43' title='bbox 1347 655 1588 705; x_wconf 81' lang='lat' dir='ltr'>usquam:</span> 
     </span>
    </p>

    <p class='ocr_par' dir='ltr' id='par_1_8' title="bbox 158 705 1461 775">
     <span class='ocr_line' id='line_1_8' title="bbox 158 705 1461 775; baseline -0.002 -16"><span class='ocrx_word' id='word_1_44' title='bbox 158 706 211 759; x_wconf 88' lang='lat' dir='ltr'>N</span> <span class='ocrx_word' id='word_1_45' title='bbox 211 724 293 774; x_wconf 89' lang='lat' dir='ltr'>on,</span> <span class='ocrx_word' id='word_1_46' title='bbox 319 707 363 758; x_wconf 89' lang='lat' dir='ltr'>si</span> <span class='ocrx_word' id='word_1_47' title='bbox 386 706 622 775; x_wconf 80' lang='lat' dir='ltr'>Neptuni</span> <span class='ocrx_word' id='word_1_48' title='bbox 644 705 812 757; x_wconf 90' lang='lat' dir='ltr'>fluctu</span> <span class='ocrx_word' id='word_1_49' title='bbox 836 721 1086 758; x_wconf 84' lang='lat' dir='ltr'>renovare</span> <span class='ocrx_word' id='word_1_50' title='bbox 1109 720 1318 771; x_wconf 84' lang='lat' dir='ltr'>operam</span> <span class='ocrx_word' id='word_1_51' title='bbox 1342 706 1461 768; x_wconf 90' lang='lat' dir='ltr'>des;</span> 
     </span>
    </p>

    <p class='ocr_par' dir='ltr' id='par_1_9' title="bbox 157 773 1587 843">
     <span class='ocr_line' id='line_1_9' title="bbox 157 773 1587 843; baseline 0 -16"><span class='ocrx_word' id='word_1_52' title='bbox 157 775 292 843; x_wconf 88' lang='lat' dir='ltr'>Non,</span> <span class='ocrx_word' id='word_1_53' title='bbox 316 792 458 827; x_wconf 88' lang='lat' dir='ltr'>mare</span> <span class='ocrx_word' id='word_1_54' title='bbox 482 776 526 826; x_wconf 89' lang='lat' dir='ltr'>si</span> <span class='ocrx_word' id='word_1_55' title='bbox 550 780 722 826; x_wconf 85' lang='lat' dir='ltr'>totum</span> <span class='ocrx_word' id='word_1_56' title='bbox 746 773 876 825; x_wconf 80' lang='lat' dir='ltr'>velit</span> <span class='ocrx_word' id='word_1_57' title='bbox 900 774 1074 825; x_wconf 90' lang='lat' dir='ltr'>eluere</span> <span class='ocrx_word' id='word_1_58' title='bbox 1098 773 1338 825; x_wconf 88' lang='lat' dir='ltr'>omnibus</span> <span class='ocrx_word' id='word_1_59' title='bbox 1363 775 1530 827; x_wconf 86' lang='lat' dir='ltr'>undis.</span> <span class='ocrx_word' id='word_1_60' title='bbox 1581 803 1587 808; x_wconf 96' lang='lat'>·</span> 
     </span>
    </p>

    <p class='ocr_par' dir='ltr' id='par_1_10' title="bbox 159 841 1343 911">
     <span class='ocr_line' id='line_1_10' title="bbox 159 841 1343 911; baseline -0.003 -15"><span class='ocrx_word' id='word_1_61' title='bbox 159 844 398 911; x_wconf 88' lang='lat' dir='ltr'>Denique</span> <span class='ocrx_word' id='word_1_62' title='bbox 419 847 501 894; x_wconf 81' lang='lat' dir='ltr'>res&#39;</span> <span class='ocrx_word' id='word_1_63' title='bbox 524 858 650 895; x_wconf 89' lang='lat' dir='ltr'>auro</span> <span class='ocrx_word' id='word_1_64' title='bbox 675 857 862 893; x_wconf 88' lang='lat' dir='ltr'>aurum</span> <span class='ocrx_word' id='word_1_65' title='bbox 887 841 1199 908; x_wconf 87' lang='lat' dir='ltr'>concopulat</span> <span class='ocrx_word' id='word_1_66' title='bbox 1222 858 1343 906; x_wconf 87' lang='lat' dir='ltr'>una,</span> 
     </span>
    </p>

    <p class='ocr_par' dir='ltr' id='par_1_11' title="bbox 159 908 1415 980">
     <span class='ocr_line' id='line_1_11' title="bbox 159 908 1415 980; baseline -0.001 -17"><span class='ocrx_word' id='word_1_67' title='bbox 159 912 374 980; x_wconf 88' lang='lat' dir='ltr'>AErique</span> <span class='ocrx_word' id='word_1_68' title='bbox 398 928 467 963; x_wconf 85' lang='lat' dir='ltr'>aes</span> <span class='ocrx_word' id='word_1_69' title='bbox 490 910 702 979; x_wconf 89' lang='lat' dir='ltr'>plumbo</span> <span class='ocrx_word' id='word_1_70' title='bbox 724 909 788 961; x_wconf 89' lang='lat' dir='ltr'>fit</span> <span class='ocrx_word' id='word_1_71' title='bbox 811 909 893 961; x_wconf 80' lang='lat' dir='ltr'>uti</span> <span class='ocrx_word' id='word_1_72' title='bbox 909 911 1171 977; x_wconf 79' lang='lat' dir='ltr'>jungatur</span> <span class='ocrx_word' id='word_1_73' title='bbox 1193 908 1261 962; x_wconf 88' lang='lat' dir='ltr'>ab</span> <span class='ocrx_word' id='word_1_74' title='bbox 1283 909 1415 962; x_wconf 87' lang='lat' dir='ltr'>albo.</span> 
     </span>
    </p>

    <p class='ocr_par' dir='ltr' id='par_1_12' title="bbox 160 977 1658 1047">
     <span class='ocr_line' id='line_1_12' title="bbox 160 977 1658 1047; baseline -0.002 -15"><span class='ocrx_word' id='word_1_75' title='bbox 160 980 343 1032; x_wconf 80' lang='lat' dir='ltr'>Cetera.</span> <span class='ocrx_word' id='word_1_76' title='bbox 358 981 472 1047; x_wconf 85' lang='lat' dir='ltr'>jam</span> <span class='ocrx_word' id='word_1_77' title='bbox 496 996 654 1047; x_wconf 84' lang='lat' dir='ltr'>quam</span> <span class='ocrx_word' id='word_1_78' title='bbox 676 978 847 1030; x_wconf 86' lang='lat' dir='ltr'>multa</span> <span class='ocrx_word' id='word_1_79' title='bbox 869 978 996 1030; x_wconf 90' lang='lat' dir='ltr'>licet</span> <span class='ocrx_word' id='word_1_80' title='bbox 1017 978 1279 1046; x_wconf 68' lang='lat' dir='ltr'>reperire?</span> <span class='ocrx_word' id='word_1_81' title='bbox 1340 977 1479 1042; x_wconf 83' lang='lat' dir='ltr'>Quid</span> <span class='ocrx_word' id='word_1_82' title='bbox 1503 978 1658 1045; x_wconf 69' lang='lat' dir='ltr'>ergo?</span> 
     </span>
    </p>

    <p class='ocr_par' dir='ltr' id='par_1_13' title="bbox 159 1046 1832 1115">
     <span class='ocr_line' id='line_1_13' title="bbox 159 1046 1832 1115; baseline -0.002 -16"><span class='ocrx_word' id='word_1_83' title='bbox 159 1048 269 1100; x_wconf 85' lang='lat' dir='ltr'>Nec</span> <span class='ocrx_word' id='word_1_84' title='bbox 293 1049 393 1101; x_wconf 90' lang='lat' dir='ltr'>tibi</span> <span class='ocrx_word' id='word_1_85' title='bbox 419 1055 531 1101; x_wconf 85' lang='lat' dir='ltr'>tam</span> <span class='ocrx_word' id='word_1_86' title='bbox 553 1047 723 1114; x_wconf 84' lang='lat' dir='ltr'>longis</span> <span class='ocrx_word' id='word_1_87' title='bbox 747 1064 777 1099; x_wconf 94' lang='lat' dir='ltr'>o</span> <span class='ocrx_word' id='word_1_88' title='bbox 813 1064 876 1099; x_wconf 87' lang='lat' dir='ltr'>us</span> <span class='ocrx_word' id='word_1_89' title='bbox 900 1052 979 1100; x_wconf 87' lang='lat' dir='ltr'>est</span> <span class='ocrx_word' id='word_1_90' title='bbox 1003 1046 1311 1115; x_wconf 76' lang='lat' dir='ltr'>ambagibus</span> <span class='ocrx_word' id='word_1_91' title='bbox 1334 1063 1570 1113; x_wconf 84' lang='lat' dir='ltr'>usquam,</span> <span class='ocrx_word' id='word_1_92' title='bbox 1700 1050 1832 1098; x_wconf 78' lang='lat'>1080</span> 
     </span>
    </p>

    <p class='ocr_par' dir='ltr' id='par_1_14' title="bbox 159 1116 1671 1185">
     <span class='ocr_line' id='line_1_14' title="bbox 159 1116 1671 1185; baseline -0.001 -16"><span class='ocrx_word' id='word_1_93' title='bbox 159 1116 269 1169; x_wconf 84' lang='lat' dir='ltr'>Nec</span> <span class='ocrx_word' id='word_1_94' title='bbox 292 1134 376 1169; x_wconf 91' lang='lat' dir='ltr'>me</span> <span class='ocrx_word' id='word_1_95' title='bbox 394 1123 505 1169; x_wconf 85' lang='lat' dir='ltr'>tam</span> <span class='ocrx_word' id='word_1_96' title='bbox 526 1117 752 1169; x_wconf 82' lang='lat' dir='ltr'>multam</span> <span class='ocrx_word' id='word_1_97' title='bbox 817 1116 862 1168; x_wconf 80' lang='lat' dir='ltr'>‘c</span> <span class='ocrx_word' id='word_1_98' title='bbox 886 1133 1097 1185; x_wconf 86' lang='lat' dir='ltr'>operam</span> <span class='ocrx_word' id='word_1_99' title='bbox 1121 1133 1421 1168; x_wconf 84' lang='lat' dir='ltr'>consumere</span> <span class='ocrx_word' id='word_1_100' title='bbox 1445 1132 1540 1183; x_wconf 86' lang='lat' dir='ltr'>par</span> <span class='ocrx_word' id='word_1_101' title='bbox 1563 1121 1671 1180; x_wconf 87' lang='lat' dir='ltr'>cst;</span> 
     </span>
    </p>

    <p class='ocr_par' dir='ltr' id='par_1_15' title="bbox 159 1184 1586 1317">
     <span class='ocr_line' id='line_1_15' title="bbox 159 1184 1586 1252; baseline -0.001 -14"><span class='ocrx_word' id='word_1_102' title='bbox 159 1184 261 1238; x_wconf 82' lang='lat' dir='ltr'>Sed</span> <span class='ocrx_word' id='word_1_103' title='bbox 284 1186 512 1237; x_wconf 84' lang='lat' dir='ltr'>breviter</span> <span class='ocrx_word' id='word_1_104' title='bbox 535 1185 714 1252; x_wconf 84' lang='lat' dir='ltr'>paucis</span> <span class='ocrx_word' id='word_1_105' title='bbox 738 1190 953 1251; x_wconf 83' lang='lat' dir='ltr'>praestat</span> <span class='ocrx_word' id='word_1_106' title='bbox 968 1196 984 1218; x_wconf 86' lang='lat'>⁸</span> <span class='ocrx_word' id='word_1_107' title='bbox 1009 1185 1377 1250; x_wconf 84' lang='lat' dir='ltr'>comprendere</span> <span class='ocrx_word' id='word_1_108' title='bbox 1400 1184 1586 1236; x_wconf 85' lang='lat' dir='ltr'>multa.</span> 
     </span>
     <span class='ocr_line' id='line_1_16' title="bbox 230 1251 1558 1317; baseline -0.002 -12"><span class='ocrx_word' id='word_1_109' title='bbox 230 1253 460 1317; x_wconf 84' lang='lat' dir='ltr'>Quorum</span> <span class='ocrx_word' id='word_1_110' title='bbox 483 1253 562 1304; x_wconf 84' lang='lat' dir='ltr'>ita</span> <span class='ocrx_word' id='word_1_111' title='bbox 579 1258 804 1303; x_wconf 81' lang='lat' dir='ltr'>texturae</span> <span class='ocrx_word' id='word_1_112' title='bbox 829 1251 1128 1301; x_wconf 87' lang='lat' dir='ltr'>ceciderunt</span> <span class='ocrx_word' id='word_1_113' title='bbox 1150 1258 1338 1302; x_wconf 87' lang='lat' dir='ltr'>mutua</span> <span class='ocrx_word' id='word_1_114' title='bbox 1361 1258 1558 1317; x_wconf 84' lang='lat' dir='ltr'>contra,</span> 
     </span>
    </p>

    <p class='ocr_par' dir='ltr' id='par_1_16' title="bbox 161 1318 1352 1386">
     <span class='ocr_line' id='line_1_17' title="bbox 161 1318 1352 1386; baseline -0.003 -12"><span class='ocrx_word' id='word_1_115' title='bbox 161 1322 236 1374; x_wconf 87' lang='lat' dir='ltr'>Ut</span> <span class='ocrx_word' id='word_1_116' title='bbox 260 1338 389 1373; x_wconf 83' lang='lat' dir='ltr'>cava</span> <span class='ocrx_word' id='word_1_117' title='bbox 412 1320 726 1372; x_wconf 80' lang='lat' dir='ltr'>conveniant</span> <span class='ocrx_word' id='word_1_118' title='bbox 751 1319 917 1386; x_wconf 86' lang='lat' dir='ltr'>plenis</span> <span class='ocrx_word' id='word_1_119' title='bbox 940 1318 1054 1369; x_wconf 90' lang='lat' dir='ltr'>haec</span> <span class='ocrx_word' id='word_1_120' title='bbox 1077 1318 1232 1384; x_wconf 75' lang='lat' dir='ltr'>illiue,</span> <span class='ocrx_word' id='word_1_121' title='bbox 1257 1318 1352 1370; x_wconf 88' lang='lat' dir='ltr'>illa</span> 
     </span>
    </p>

    <p class='ocr_par' dir='ltr' id='par_1_17' title="bbox 161 1386 1659 1457">
     <span class='ocr_line' id='line_1_18' title="bbox 161 1386 1659 1457; baseline -0.003 -15"><span class='ocrx_word' id='word_1_122' title='bbox 161 1390 470 1457; x_wconf 88' lang='lat' dir='ltr'>Hujusque;</span> <span class='ocrx_word' id='word_1_123' title='bbox 504 1388 643 1439; x_wconf 91' lang='lat' dir='ltr'>inter</span> <span class='ocrx_word' id='word_1_124' title='bbox 666 1404 718 1438; x_wconf 90' lang='lat' dir='ltr'>se</span> <span class='ocrx_word' id='word_1_125' title='bbox 735 1389 987 1454; x_wconf 87' lang='lat' dir='ltr'>junctura</span> <span class='ocrx_word' id='word_1_126' title='bbox 1011 1386 1197 1436; x_wconf 86' lang='lat' dir='ltr'>horum</span> <span class='ocrx_word' id='word_1_127' title='bbox 1221 1387 1418 1453; x_wconf 87' lang='lat' dir='ltr'>optima</span> <span class='ocrx_word' id='word_1_128' title='bbox 1441 1391 1659 1437; x_wconf 84' lang='lat' dir='ltr'>constat.</span> 
     </span>
    </p>

    <p class='ocr_par' dir='ltr' id='par_1_18' title="bbox 161 1453 1496 1524">
     <span class='ocr_line' id='line_1_19' title="bbox 161 1453 1496 1524; baseline -0.003 -14"><span class='ocrx_word' id='word_1_129' title='bbox 161 1458 259 1511; x_wconf 86' lang='lat' dir='ltr'>Est</span> <span class='ocrx_word' id='word_1_130' title='bbox 285 1459 459 1524; x_wconf 88' lang='lat' dir='ltr'>etiam,</span> <span class='ocrx_word' id='word_1_131' title='bbox 484 1457 632 1524; x_wconf 80' lang='lat' dir='ltr'>quasi</span> <span class='ocrx_word' id='word_1_132' title='bbox 655 1460 716 1508; x_wconf 93' lang='lat' dir='ltr'>ut</span> <span class='ocrx_word' id='word_1_133' title='bbox 740 1453 962 1507; x_wconf 84' lang='lat' dir='ltr'>annellis</span> <span class='ocrx_word' id='word_1_134' title='bbox 988 1453 1263 1520; x_wconf 79' lang='lat' dir='ltr'>hamisque</span> <span class='ocrx_word' id='word_1_135' title='bbox 1286 1454 1496 1523; x_wconf 83' lang='lat' dir='ltr'>plicata,</span> 
     </span>
    </p>

    <p class='ocr_par' dir='ltr' id='par_1_19' title="bbox 161 1522 1352 1592">
     <span class='ocr_line' id='line_1_20' title="bbox 161 1522 1352 1592; baseline -0.004 -13"><span class='ocrx_word' id='word_1_136' title='bbox 161 1527 309 1579; x_wconf 88' lang='lat' dir='ltr'>Inter</span> <span class='ocrx_word' id='word_1_137' title='bbox 332 1544 386 1579; x_wconf 87' lang='lat' dir='ltr'>se</span> <span class='ocrx_word' id='word_1_138' title='bbox 410 1526 648 1592; x_wconf 82' lang='lat' dir='ltr'>quaedam</span> <span class='ocrx_word' id='word_1_139' title='bbox 672 1523 870 1592; x_wconf 79' lang='lat' dir='ltr'>possint</span> <span class='ocrx_word' id='word_1_140' title='bbox 894 1522 1137 1590; x_wconf 85' lang='lat' dir='ltr'>copulata</span> <span class='ocrx_word' id='word_1_141' title='bbox 1160 1523 1352 1574; x_wconf 91' lang='lat' dir='ltr'>teneri:</span> 
     </span>
    </p>

    <p class='ocr_par' dir='ltr' id='par_1_20' title="bbox 162 1589 1540 1662">
     <span class='ocr_line' id='line_1_21' title="bbox 162 1589 1540 1662; baseline -0.005 -13"><span class='ocrx_word' id='word_1_142' title='bbox 162 1596 312 1660; x_wconf 83' lang='lat' dir='ltr'>Quod</span> <span class='ocrx_word' id='word_1_143' title='bbox 334 1593 504 1662; x_wconf 83' lang='lat' dir='ltr'>magis</span> <span class='ocrx_word' id='word_1_144' title='bbox 526 1593 584 1644; x_wconf 91' lang='lat' dir='ltr'>in</span> <span class='ocrx_word' id='word_1_145' title='bbox 605 1592 780 1661; x_wconf 87' lang='lat' dir='ltr'>lapide</span> <span class='ocrx_word' id='word_1_146' title='bbox 803 1592 901 1643; x_wconf 91' lang='lat' dir='ltr'>hoc</span> <span class='ocrx_word' id='word_1_147' title='bbox 923 1590 1037 1642; x_wconf 88' lang='lat' dir='ltr'>fieri</span> <span class='ocrx_word' id='word_1_148' title='bbox 1060 1590 1297 1658; x_wconf 85' lang='lat' dir='ltr'>ferroque</span> <span class='ocrx_word' id='word_1_149' title='bbox 1320 1589 1540 1643; x_wconf 85' lang='lat' dir='ltr'>videtur.</span> 
     </span>
    </p>
   </div>
   <div class='ocr_carea' id='block_1_3' title="bbox 592 1702 1405 1775">
    <p class='ocr_par' dir='ltr' id='par_1_21' title="bbox 592 1702 1405 1775">
     <span class='ocr_line' id='line_1_22' title="bbox 592 1702 1405 1775; baseline -0.004 -17"><span class='ocrx_word' id='word_1_150' title='bbox 592 1705 674 1758; x_wconf 86' lang='lat' dir='ltr'>De</span> <span class='ocrx_word' id='word_1_151' title='bbox 687 1703 1003 1775; x_wconf 68' lang='lat' dir='ltr'>pestilentia,</span> <span class='ocrx_word' id='word_1_152' title='bbox 1026 1702 1168 1755; x_wconf 77' lang='lat' dir='ltr'>unde</span> <span class='ocrx_word' id='word_1_153' title='bbox 1190 1711 1405 1755; x_wconf 76' lang='lat' dir='ltr'>creatur.</span> 
     </span>
    </p>
   </div>
   <div class='ocr_carea' id='block_1_4' title="bbox 161 1787 1837 2742">
    <p class='ocr_par' dir='ltr' id='par_1_22' title="bbox 161 1787 1835 2134">
     <span class='ocr_line' id='line_1_23' title="bbox 230 1787 1541 1861; baseline -0.006 -13"><span class='ocrx_word' id='word_1_154' title='bbox 230 1794 402 1861; x_wconf 85' lang='lat' dir='ltr'>Nunc,</span> <span class='ocrx_word' id='word_1_155' title='bbox 419 1792 555 1845; x_wconf 84' lang='lat' dir='ltr'>ratio</span> <span class='ocrx_word' id='word_1_156' title='bbox 578 1808 696 1860; x_wconf 77' lang='lat' dir='ltr'>quae</span> <span class='ocrx_word' id='word_1_157' title='bbox 720 1790 791 1842; x_wconf 89' lang='lat' dir='ltr'>sit</span> <span class='ocrx_word' id='word_1_158' title='bbox 812 1788 1020 1855; x_wconf 87' lang='lat' dir='ltr'>morbis,</span> <span class='ocrx_word' id='word_1_159' title='bbox 1046 1793 1140 1839; x_wconf 84' lang='lat' dir='ltr'>aut</span> <span class='ocrx_word' id='word_1_160' title='bbox 1164 1787 1304 1839; x_wconf 92' lang='lat' dir='ltr'>unde</span> <span class='ocrx_word' id='word_1_161' title='bbox 1327 1792 1541 1855; x_wconf 86' lang='lat' dir='ltr'>repente</span> 
     </span>
     <span class='ocr_line' id='line_1_24' title="bbox 161 1856 1835 1929; baseline -0.004 -15"><span class='ocrx_word' id='word_1_162' title='bbox 161 1861 489 1916; x_wconf 85' lang='lat' dir='ltr'>Mortiferam</span> <span class='ocrx_word' id='word_1_163' title='bbox 511 1860 672 1929; x_wconf 87' lang='lat' dir='ltr'>possit</span> <span class='ocrx_word' id='word_1_164' title='bbox 695 1858 897 1912; x_wconf 87' lang='lat' dir='ltr'>cladem</span> <span class='ocrx_word' id='word_1_165' title='bbox 921 1856 1144 1909; x_wconf 87' lang='lat' dir='ltr'>conflare</span> <span class='ocrx_word' id='word_1_166' title='bbox 1167 1861 1343 1908; x_wconf 85' lang='lat' dir='ltr'>coorta</span> <span class='ocrx_word' id='word_1_167' title='bbox 1700 1860 1835 1908; x_wconf 88' lang='lat'>1090</span> 
     </span>
     <span class='ocr_line' id='line_1_25' title="bbox 162 1925 1671 1994; baseline -0.005 -12"><span class='ocrx_word' id='word_1_168' title='bbox 162 1930 403 1984; x_wconf 90' lang='lat' dir='ltr'>Morbida</span> <span class='ocrx_word' id='word_1_169' title='bbox 424 1930 505 1984; x_wconf 83' lang='lat' dir='ltr'>vis</span> <span class='ocrx_word' id='word_1_170' title='bbox 529 1929 800 1981; x_wconf 89' lang='lat' dir='ltr'>hominum</span> <span class='ocrx_word' id='word_1_171' title='bbox 823 1926 1016 1994; x_wconf 82' lang='lat' dir='ltr'>generi,</span> <span class='ocrx_word' id='word_1_172' title='bbox 1040 1926 1405 1994; x_wconf 86' lang='lat' dir='ltr'>pecudumque</span> <span class='ocrx_word' id='word_1_173' title='bbox 1431 1925 1671 1993; x_wconf 74' lang='lat' dir='ltr'>catervi3‚</span> 
     </span>
     <span class='ocr_line' id='line_1_26' title="bbox 163 1993 1509 2067; baseline -0.003 -17"><span class='ocrx_word' id='word_1_174' title='bbox 163 1999 468 2067; x_wconf 85' lang='lat' dir='ltr'>Expediam.</span> <span class='ocrx_word' id='word_1_175' title='bbox 528 1998 777 2064; x_wconf 89' lang='lat' dir='ltr'>Primum,</span> <span class='ocrx_word' id='word_1_176' title='bbox 800 1994 1091 2046; x_wconf 87' lang='lat' dir='ltr'>multarum</span> <span class='ocrx_word' id='word_1_177' title='bbox 1114 1993 1313 2046; x_wconf 87' lang='lat' dir='ltr'>semina</span> <span class='ocrx_word' id='word_1_178' title='bbox 1334 2011 1509 2048; x_wconf 89' lang='lat' dir='ltr'>rerum</span> 
     </span>
     <span class='ocr_line' id='line_1_27' title="bbox 163 2062 1336 2134; baseline -0.003 -16"><span class='ocrx_word' id='word_1_179' title='bbox 163 2067 289 2119; x_wconf 85' lang='lat' dir='ltr'>Esse</span> <span class='ocrx_word' id='word_1_180' title='bbox 313 2084 468 2134; x_wconf 86' lang='lat' dir='ltr'>supra</span> <span class='ocrx_word' id='word_1_181' title='bbox 491 2066 659 2131; x_wconf 90' lang='lat' dir='ltr'>docui,</span> <span class='ocrx_word' id='word_1_182' title='bbox 683 2081 798 2133; x_wconf 85' lang='lat' dir='ltr'>quae</span> <span class='ocrx_word' id='word_1_183' title='bbox 823 2064 931 2116; x_wconf 90' lang='lat' dir='ltr'>sint</span> <span class='ocrx_word' id='word_1_184' title='bbox 953 2063 1140 2115; x_wconf 81' lang='lat' dir='ltr'>vitalia</span> <span class='ocrx_word' id='word_1_185' title='bbox 1163 2062 1336 2115; x_wconf 89' lang='lat' dir='ltr'>nobis:</span> 
     </span>
    </p>

    <p class='ocr_par' dir='ltr' id='par_1_23' title="bbox 163 2131 1837 2742">
     <span class='ocr_line' id='line_1_28' title="bbox 163 2131 1557 2202; baseline -0.001 -16"><span class='ocrx_word' id='word_1_186' title='bbox 163 2135 234 2186; x_wconf 85' lang='lat' dir='ltr'>Et</span> <span class='ocrx_word' id='word_1_187' title='bbox 258 2141 453 2201; x_wconf 84' lang='lat' dir='ltr'>contra,</span> <span class='ocrx_word' id='word_1_188' title='bbox 477 2150 593 2202; x_wconf 82' lang='lat' dir='ltr'>quae</span> <span class='ocrx_word' id='word_1_189' title='bbox 618 2133 724 2185; x_wconf 87' lang='lat' dir='ltr'>sint</span> <span class='ocrx_word' id='word_1_190' title='bbox 747 2131 924 2184; x_wconf 91' lang='lat' dir='ltr'>morbo</span> <span class='ocrx_word' id='word_1_191' title='bbox 946 2132 1222 2198; x_wconf 88' lang='lat' dir='ltr'>mortique,</span> <span class='ocrx_word' id='word_1_192' title='bbox 1246 2148 1454 2185; x_wconf 86' lang='lat' dir='ltr'>necesse</span> <span class='ocrx_word' id='word_1_193' title='bbox 1477 2137 1557 2185; x_wconf 88' lang='lat' dir='ltr'>est</span> 
     </span>
     <span class='ocr_line' id='line_1_29' title="bbox 163 2198 1518 2268; baseline -0.002 -14"><span class='ocrx_word' id='word_1_194' title='bbox 163 2202 341 2254; x_wconf 83' lang='lat' dir='ltr'>Multa</span> <span class='ocrx_word' id='word_1_195' title='bbox 364 2203 567 2265; x_wconf 84' lang='lat' dir='ltr'>volare;</span> <span class='ocrx_word' id='word_1_196' title='bbox 602 2218 664 2254; x_wconf 82' lang='lat' dir='ltr'>ea</span> <span class='ocrx_word' id='word_1_197' title='bbox 687 2216 850 2268; x_wconf 90' lang='lat' dir='ltr'>quum</span> <span class='ocrx_word' id='word_1_198' title='bbox 874 2215 997 2250; x_wconf 82' lang='lat' dir='ltr'>casu</span> <span class='ocrx_word' id='word_1_199' title='bbox 1021 2204 1148 2250; x_wconf 86' lang='lat' dir='ltr'>sunt</span> <span class='ocrx_word' id='word_1_200' title='bbox 1170 2198 1305 2252; x_wconf 87' lang='lat' dir='ltr'>forte</span> <span class='ocrx_word' id='word_1_201' title='bbox 1329 2206 1518 2266; x_wconf 86' lang='lat' dir='ltr'>coorta,</span> 
     </span>
     <span class='ocr_line' id='line_1_30' title="bbox 163 2266 1352 2340; baseline -0.006 -17"><span class='ocrx_word' id='word_1_202' title='bbox 163 2272 235 2323; x_wconf 86' lang='lat' dir='ltr'>Et</span> <span class='ocrx_word' id='word_1_203' title='bbox 259 2270 627 2340; x_wconf 73' lang='lat' dir='ltr'>perturbarunt</span> <span class='ocrx_word' id='word_1_204' title='bbox 650 2269 851 2335; x_wconf 79' lang='lat' dir='ltr'>coelum,</span> <span class='ocrx_word' id='word_1_205' title='bbox 874 2266 936 2319; x_wconf 89' lang='lat' dir='ltr'>fit</span> <span class='ocrx_word' id='word_1_206' title='bbox 959 2266 1225 2323; x_wconf 82' lang='lat' dir='ltr'>morbidus</span> <span class='ocrx_word' id='word_1_207' title='bbox 1247 2270 1352 2321; x_wconf 70' lang='lat' dir='ltr'>aet.</span> 
     </span>
     <span class='ocr_line' id='line_1_31' title="bbox 163 2335 1422 2407; baseline -0.002 -15"><span class='ocrx_word' id='word_1_208' title='bbox 163 2340 341 2407; x_wconf 86' lang='lat' dir='ltr'>Atque</span> <span class='ocrx_word' id='word_1_209' title='bbox 364 2356 426 2392; x_wconf 84' lang='lat' dir='ltr'>ea</span> <span class='ocrx_word' id='word_1_210' title='bbox 449 2338 529 2390; x_wconf 81' lang='lat' dir='ltr'>vis</span> <span class='ocrx_word' id='word_1_211' title='bbox 552 2338 718 2389; x_wconf 85' lang='lat' dir='ltr'>omnis</span> <span class='ocrx_word' id='word_1_212' title='bbox 740 2336 1037 2388; x_wconf 88' lang='lat' dir='ltr'>morborum</span> <span class='ocrx_word' id='word_1_213' title='bbox 1061 2335 1422 2404; x_wconf 81' lang='lat' dir='ltr'>pestilitasque</span> 
     </span>
     <span class='ocr_line' id='line_1_32' title="bbox 163 2403 1483 2472; baseline -0.002 -13"><span class='ocrx_word' id='word_1_214' title='bbox 163 2409 277 2459; x_wconf 89' lang='lat' dir='ltr'>Aut</span> <span class='ocrx_word' id='word_1_215' title='bbox 300 2407 637 2472; x_wconf 74' lang='lat' dir='ltr'>extrinsecuS,</span> <span class='ocrx_word' id='word_1_216' title='bbox 661 2412 723 2459; x_wconf 83' lang='lat' dir='ltr'>ut</span> <span class='ocrx_word' id='word_1_217' title='bbox 746 2404 909 2457; x_wconf 90' lang='lat' dir='ltr'>nubes</span> <span class='ocrx_word' id='word_1_218' title='bbox 932 2403 1239 2470; x_wconf 86' lang='lat' dir='ltr'>nebulaeque</span> <span class='ocrx_word' id='word_1_219' title='bbox 1263 2419 1483 2472; x_wconf 86' lang='lat' dir='ltr'>superne</span> 
     </span>
     <span class='ocr_line' id='line_1_33' title="bbox 165 2474 1350 2542; baseline -0.002 -15"><span class='ocrx_word' id='word_1_220' title='bbox 165 2475 268 2527; x_wconf 90' lang='lat' dir='ltr'>Per</span> <span class='ocrx_word' id='word_1_221' title='bbox 291 2475 479 2528; x_wconf 86' lang='lat' dir='ltr'>coelum</span> <span class='ocrx_word' id='word_1_222' title='bbox 501 2474 736 2539; x_wconf 87' lang='lat' dir='ltr'>veniunt,</span> <span class='ocrx_word' id='word_1_223' title='bbox 761 2479 855 2526; x_wconf 87' lang='lat' dir='ltr'>aut</span> <span class='ocrx_word' id='word_1_224' title='bbox 878 2474 993 2542; x_wconf 87' lang='lat' dir='ltr'>ipsa</span> <span class='ocrx_word' id='word_1_225' title='bbox 1015 2488 1151 2539; x_wconf 86' lang='lat' dir='ltr'>saepe</span> <span class='ocrx_word' id='word_1_226' title='bbox 1175 2478 1350 2525; x_wconf 87' lang='lat' dir='ltr'>coorta</span> 
     </span>
     <span class='ocr_line' id='line_1_34' title="bbox 164 2540 1837 2610; baseline -0.002 -14"><span class='ocrx_word' id='word_1_227' title='bbox 164 2544 246 2596; x_wconf 90' lang='lat' dir='ltr'>De</span> <span class='ocrx_word' id='word_1_228' title='bbox 269 2549 409 2595; x_wconf 87' lang='lat' dir='ltr'>terra</span> <span class='ocrx_word' id='word_1_229' title='bbox 432 2547 669 2610; x_wconf 85' lang='lat' dir='ltr'>surgunt,</span> <span class='ocrx_word' id='word_1_230' title='bbox 693 2542 784 2595; x_wconf 91' lang='lat' dir='ltr'>ubi</span> <span class='ocrx_word' id='word_1_231' title='bbox 807 2548 1046 2609; x_wconf 87' lang='lat' dir='ltr'>putorem</span> <span class='ocrx_word' id='word_1_232' title='bbox 1070 2540 1289 2593; x_wconf 86' lang='lat' dir='ltr'>humida</span> <span class='ocrx_word' id='word_1_233' title='bbox 1312 2544 1470 2593; x_wconf 82' lang='lat' dir='ltr'>nacta</span> <span class='ocrx_word' id='word_1_234' title='bbox 1492 2543 1586 2607; x_wconf 76' lang='lat' dir='ltr'>est,</span> <span class='ocrx_word' id='word_1_235' title='bbox 1663 2542 1674 2551; x_wconf 88' lang='lat'><strong>&#39;</strong></span> <span class='ocrx_word' id='word_1_236' title='bbox 1703 2543 1837 2592; x_wconf 88' lang='lat'>1100</span> 
     </span>
     <span class='ocr_line' id='line_1_35' title="bbox 167 2607 1314 2679; baseline -0.002 -15"><span class='ocrx_word' id='word_1_237' title='bbox 167 2611 559 2679; x_wconf 77' lang='lat' dir='ltr'>Intempestivis</span> <span class='ocrx_word' id='word_1_238' title='bbox 582 2610 877 2679; x_wconf 80' lang='lat' dir='ltr'>pluviisque</span> <span class='ocrx_word' id='word_1_239' title='bbox 901 2615 955 2661; x_wconf 92' lang='lat' dir='ltr'>et</span> <span class='ocrx_word' id='word_1_240' title='bbox 979 2607 1171 2660; x_wconf 86' lang='lat' dir='ltr'>solibus</span> <span class='ocrx_word' id='word_1_241' title='bbox 1194 2609 1314 2665; x_wconf 76' lang='lat' dir='ltr'>icta.</span> 
     </span>
     <span class='ocr_line' id='line_1_36' title="bbox 836 2693 1157 2742; baseline -0.003 -8"><span class='ocrx_word' id='word_1_242' title='bbox 836 2700 851 2719; x_wconf 79' lang='lat'><em>⁰</em></span> <span class='ocrx_word' id='word_1_243' title='bbox 877 2698 1028 2742; x_wconf 59' lang='lat' dir='ltr'>tantan</span> <span class='ocrx_word' id='word_1_244' title='bbox 1061 2693 1157 2734; x_wconf 75' lang='lat' dir='ltr'>MS.</span> 
     </span>
    </p>
   </div>
  </div>
 </body>
</html>
