2084 3000
734 193 950 245 LIBER.
986 193 1302 247 TERTIUS.
1790 199 1853 246 ul

182 295 253 349 Et
311 293 425 348 ussi
448 311 687 362 supremo
710 293 1043 362 languescere
1069 298 1300 362 tempore
1318 294 1511 361 vultus,

181 313 471 432 Molliaque
494 363 750 430 exsangui
773 363 958 416 cadere
981 363 1159 415 omnia.
1182 379 1392 432 corpore
1417 363 1661 416 membra..

183 433 334 498 Quod
356 449 523 500 genus
546 437 641 499 est,
663 431 839 484 animo
862 431 1000 484 male
1022 431 1228 484 factum
1251 450 1415 499 quum
1440 434 1759 501 perhibetur,

181 502 293 556 Aut
316 503 548 554 animam
569 500 799 568 liquisse,
824 499 915 553 ubi
931 502 1047 568 jam
1071 500 1380 568 trepidatur,
1406 509 1459 554 et
1483 519 1661 561 omnes

181 571 492 625 Extremum
516 569 739 639 cupiunt
763 569 898 623 vires
919 569 1296 639 reprehendere
1321 571 1568 624 vinclum.

183 641 570 707 Conqusssatur
592 639 734 691 enim
757 644 874 691 tum
895 655 1045 690 mens
1068 638 1361 706 animaeque
1454 646 1615 694 testas

184 708 367 762 Omnis
380 728 396 773 3
429 715 485 762 et
508 708 622 762 haec
646 708 759 776 ipso
782 724 905 760 cum
929 723 989 758 co
1085 723 1142 759 re
1166 706 1381 761 coulabe
1420 715 1543 761 unt:
1753 713 1856 763 600

183 778 259 830 Ut
281 777 489 845 gravior
511 778 669 843 paulo
691 776 856 844 possit
879 775 1016 828 disso
1039 792 1159 829 vere
1183 792 1355 828 causa.

253 846 391 910 Quid
415 845 637 913 dubitas,
662 843 878 900 tandem
901 844 1034 913 quin
1056 851 1210 899 extra
1268 844 1439 898 redita.
1462 861 1649 916 corpus

184 912 454 968 Imbecilla
475 916 628 982 foras,
653 916 710 967 in
734 920 928 983 aperto,
954 913 1188 982 tegmine
1249 921 1439 983 empto,

181 983 303 1038 Non
323 984 478 1037 modo
499 1001 606 1038 non
628 1001 835 1037 omnem
858 984 1022 1053 possit
1043 983 1233 1036 durare
1257 1001 1351 1052 per
1373 1000 1560 1052 aevum,

181 1053 284 1107 Sed
306 1053 585 1106 minimum
607 1053 828 1122 quodvis
850 1061 1079 1122 nequeat
1103 1053 1381 1107 consistere
1405 1055 1647 1124 tempus?

250 1122 362 1175 Nec
385 1122 486 1175 sibi
507 1122 649 1175 enim
670 1123 949 1190 quisquam
972 1122 1197 1175 moriens
1222 1123 1413 1176 sentire
1438 1124 1661 1189 videtur,

182 1190 272 1244 Ire
294 1191 432 1244 foras
454 1191 685 1244 animam
708 1191 1023 1245 incolumem
1048 1191 1114 1243 de
1137 1208 1348 1261 corpore
1371 1198 1513 1257 tot03

180 1257 293 1312 Nec
315 1260 461 1329 prius
482 1256 552 1313 sd
567 1260 820 1328 jugulum
843 1266 899 1313 et
922 1276 1136 1341 superas
1160 1261 1432 1314 succedere
1453 1263 1663 1327 fauces3

182 1328 382 1382 Verum
403 1328 622 1383 deficere
644 1329 703 1381 in
725 1334 871 1382 certa
892 1345 1105 1395 regione
1127 1329 1378 1382 locatamz

181 1397 257 1451 Ut
281 1415 462 1451 sensus
484 1397 628 1464 alios,
651 1397 709 1450 in
731 1397 872 1466 parti
894 1413 1158 1466 quemque
1181 1414 1291 1463 sua,
1316 1399 1416 1451 scit
1752 1404 1854 1454 610

179 1465 436 1522 Dissolvi:
471 1466 613 1537 quod
637 1465 682 1519 si
703 1465 1015 1519 immortalis
1037 1471 1217 1520 nostra
1238 1467 1374 1520 foret
1396 1483 1559 1536 mens,

179 1536 302 1589 Non
317 1538 433 1605 jam
456 1554 512 1589 se
533 1535 758 1590 moriens
781 1534 995 1588 dissolvi
1017 1541 1449 1602 conquereretur3

180 1603 286 1658 Sed
307 1606 476 1673 magis
498 1604 576 1657 ire
597 1605 752 1671 foras,
776 1609 1079 1672 vestemque
1101 1603 1408 1671 relinquere,
1433 1609 1498 1657 ut
1519 1606 1725 1674 anguis,

181 1671 493 1742 [Gauderess
516 1673 784 1742 praelonga
807 1689 967 1726 senex
989 1677 1087 1726 sut
1110 1688 1306 1725 cornua
1328 1689 1513 1726 cervus
1524 1674 1587 1744 ²2]

251 1742 495 1811 Denique
518 1760 613 1797 cur
634 1741 800 1797 enimi
822 1759 936 1796 nun
973 1758 1097 1795 uam
1119 1757 1265 1794 mens
1288 1740 1670 1811 consiliumque

181 1810 433 1934 gignitur
453 1812 512 1865 in
535 1812 723 1881 capite,
747 1816 843 1865 sut
973 1811 1102 1879 ‘bus,
1125 1809 1449 1878 manibusve,
1473 1812 1565 1865 sed
1588 1814 1709 1866 unis

291 1879 418 1948 'bus‚
443 1887 497 1934 et
519 1882 676 1936 certis
696 1881 995 1949 regionibus
1018 1879 1260 1934 omnibus
1283 1880 1474 1934 haeret:

181 1949 240 2003 Si
262 1965 372 2002 non
393 1956 537 2004 certa.
558 1951 675 2005 loce
696 1950 766 2004 ad
788 1950 1110 2004 nascendum
1132 1949 1341 2003 reddita
1362 1950 1557 2020 cuique

180 2017 336 2086 Sunt,
359 2024 414 2070 et
439 2018 529 2071 ubi
586 2018 809 2089 uidquid
833 2020 997 2088 possit
1019 2018 1210 2073 dtmre
1232 2026 1497 2085 creatum3

180 2086 362 2155 Atque
383 2087 462 2141 its.
483 2105 538 2140 m
597 2088 808 2142 timodis
831 2106 925 2157 pro
948 2089 1076 2142 totis
1098 2087 1319 2142 artubus
1342 2107 1467 2157 esse,
1756 2095 1859 2143 620

180 2153 541 2209 Membrorum
565 2163 627 2211 ut
648 2174 923 2225 nunquam
944 2159 1169 2212 exsistat
1191 2167 1538 2227 praeposterus
1562 2160 1722 2214 ordo?

181 2222 363 2293 Usque
385 2224 516 2280 adeo
627 2226 775 2280 uitur
795 2242 878 2279 res
899 2243 1042 2290 rem;
1077 2243 1248 2294 neque
1271 2228 1484 2281 flamma.
1506 2230 1670 2282 creari

181 2292 519 2348 Fluminibus
543 2312 599 2349 so
623 2296 698 2349 ‘ts
721 2300 815 2363 est,
838 2310 1010 2364 neque
1033 2295 1093 2347 in
1116 2296 1231 2364 igni
1253 2297 1462 2365 gignier
1484 2297 1644 2365 algor.

611 2400 692 2457 De
713 2401 943 2458 censibus
964 2402 1162 2458 animae
1182 2412 1230 2458 et
1250 2404 1442 2459 animi.

252 2493 529 2565 Praeterea,
553 2496 599 2551 si
621 2497 933 2552 immortalis
955 2502 1151 2552 natura
1172 2498 1373 2553 animai
1399 2502 1493 2563 est,

180 2564 255 2617 Et
279 2566 474 2618 sentire
496 2571 671 2634 potest
694 2572 894 2620 aecreta
916 2582 950 2618 a.
972 2583 1186 2634 corpore
1209 2574 1415 2627 nostro;

183 2634 448 2703 Quinque,
473 2641 536 2689 ut
560 2634 757 2702 opinor,
777 2650 893 2687 eam
916 2634 1219 2687 faciendum
1242 2640 1323 2687 est
1346 2630 1579 2685 sensibus
1603 2637 1842 2684 auctam:

853 2732 871 2752 ·
902 2729 1030 2768 Deest
1057 2730 1102 2768 in
1123 2728 1218 2768 Me.
