2084 3000
702 177 919 231 LIBER
955 178 1333 233 SECUNDUS.
1790 186 1856 235 65

246 280 398 344 Quod
423 278 467 331 si
490 279 625 332 forte
649 296 804 330 suum
828 279 1110 331 dimittunt
1135 297 1344 360 corpore
1369 297 1591 346 sensum,

173 349 353 416 Atque
377 348 543 400 alium
568 348 787 415 capiunt
808 367 821 410 ;
857 348 986 415 quid
1011 364 1142 414 opus
1165 348 1271 401 fuit
1294 350 1530 416 attribui,
1557 349 1695 418 quod

173 416 526 469 Detrahitur'l
563 416 698 468 'l'um
723 422 990 484 praeterea,
1015 417 1157 483 quod
1180 418 1415 484 fugimus
1439 424 1579 486 ante,

175 487 449 549 Quatenus
472 486 530 536 in
553 484 726 553 pullos
751 485 1003 537 animales
1028 486 1221 537 vertier
1243 503 1341 539 ova

176 555 451 606 Cernimus
474 553 715 616 alituum,
739 570 1045 621 vermesque
1068 553 1327 620 effervere,
1353 559 1548 610 terram

176 623 582 690 Intempestivos
607 639 774 703 quum
796 626 981 689 putror
1006 622 1148 689 cepit
1172 622 1237 673 ob
1259 622 1449 677 imbres
1473 642 1488 687 3

175 691 321 745 Scire
344 691 471 743 licet
493 691 642 758 gig-m
665 708 814 759 posse
837 707 904 742 ex
928 706 1035 741 non
1061 689 1282 743 sensibu’
1308 708 1503 749 sensus.

249 760 400 824 Quod
425 760 469 811 si
491 761 626 812 forte
650 759 842 827 aliquis
867 759 1022 826 dicet,
1049 758 1314 814 duntaxat
1338 760 1460 811 oriri
1755 764 1851 814 93C

176 828 336 881 Posse
359 846 426 881 ex
449 845 556 880 non
579 845 734 880 sensu
761 844 940 879 sensus
962 826 1323 881 mutabilitate

177 898 337 965 Ante,
360 897 536 965 aliquo
559 903 816 964 tanquam
840 901 1014 964 partu,
1040 913 1199 963 quam
1222 897 1464 963 proditur
1486 901 1669 952 extra:

178 966 325 1020 Huic
348 966 474 1018 satis
497 965 632 1018 illud
655 965 757 1019 erit
779 964 999 1033 planum
1021 965 1194 1017 facere
1218 971 1377 1034 atque
1400 965 1633 1034 probare,

176 1035 299 1087 Non
322 1034 436 1086 fieri
458 1040 687 1103 partum,
712 1034 815 1085 nisi
839 1033 1059 1085 concilio
1083 1039 1208 1086 ante
1232 1040 1425 1103 coacto,

178 1103 291 1155 Nec
314 1103 602 1171 quidquam
626 1103 938 1154 commutari
963 1102 1075 1154 sine
1099 1102 1383 1156 conciliatu

179 1171 505 1240 Principiom
524 1190 539 1234 ;
576 1176 848 1239 nequeunt
871 1171 1032 1222 ullius
1059 1172 1285 1239 corporis
1308 1188 1417 1224 esse

178 1239 372 1292 Sensus
395 1247 520 1293 ante
541 1240 712 1308 ipsam
734 1239 969 1306 genitam
991 1244 1240 1292 naturam
1263 1241 1562 1297 animantis.

179 1308 444 1360 Nimirum
469 1309 594 1376 quia
616 1308 860 1360 materies
884 1308 1106 1376 disjecta
1128 1313 1341 1361 tenetur

180 1376 335 1445 Aere,
358 1377 679 1443 fluminibus,
704 1376 871 1441 terris,
895 1382 1136 1445 terraque
1160 1379 1349 1430 creatis
1369 1396 1384 1442 ;
1754 1430 1766 1435 ,

180 1445 233 1497 N
234 1462 292 1497 ec
316 1463 588 1515 congressa
611 1445 764 1498 modo
788 1445 974 1498 vitales
999 1447 1367 1503 convenientes
1755 1447 1863 1498 944>

182 1514 418 1567 Contulit
440 1516 582 1567 inter
605 1532 658 1572 se
680 1520 869 1581 motus,
895 1515 1083 1584 quibus
1107 1532 1260 1568 omne
1284 1521 1494 1572 tuentes

181 1584 403 1635 Accensi
428 1600 608 1635 sensus
630 1584 956 1635 animantem
979 1600 1240 1652 quamque
1264 1588 1495 1635 tuentur.

251 1652 513 1704 Praeterea
536 1653 776 1719 quamvis
800 1652 1124 1706 animantem
1148 1652 1394 1719 grandior
1415 1651 1568 1718 ictus,

183 1719 354 1785 Quam
376 1720 580 1802 patitur
600 1725 806 1786 natura,
829 1726 1045 1789 repente
1068 1720 1271 1787 affligit,
1296 1724 1352 1771 et
1374 1736 1551 1772 omnes

183 1788 420 1857 Corporis
444 1794 602 1856 atque
625 1789 790 1845 animi
812 1789 987 1856 pergit
1009 1789 1329 1842 confundere
1354 1804 1547 1842 sensus.

180 1856 555 1910 Dissolvuntur
577 1857 719 1909 enim
743 1857 989 1925 positurae
1012 1858 1404 1926 principiorum,

180 1925 254 1978 Et
275 1926 489 1995 penitus
511 1932 687 1982 motus
709 1925 897 1982 vitales
917 1926 1311 1994 impediuntur3

180 1994 360 2047 Donec
382 1995 640 2062 materieS,
665 2011 844 2047 omnes
867 2011 1115 2047 concussa
1138 2012 1231 2063 per
1254 2000 1415 2063 artus,

182 2062 386 2116 Vitales
409 2064 598 2115 animae
622 2063 784 2119 nodos
807 2080 837 2115 e
860 2080 1071 2131 corpore
1095 2064 1265 2130 solvit,

179 2131 586 2200 Dispersamque
608 2132 748 2183 foras
770 2148 864 2198 per
887 2130 1067 2183 caulas
1091 2133 1235 2199 ejicit
1259 2148 1450 2184 omnes,
1756 2135 1862 2188 950

179 2199 321 2252 Nam
343 2201 469 2268 quid
492 2207 748 2269 proeterea
769 2201 941 2254 facere
964 2200 1132 2252 ictum
1156 2217 1302 2268 posse
1323 2216 1534 2258 reamur-

181 2268 447 2336 Oblatum,
469 2270 573 2321 nisi
597 2270 856 2321 discutere
880 2285 942 2320 ac
966 2268 1244 2320 dissolvere
1268 2285 1491 2335 quasque
1514 2268 1535 2321 ‘l

250 2336 341 2389 Fit
364 2355 584 2405 quoque,
608 2338 692 2389 uti
716 2336 917 2389 soleant
938 2336 1117 2388 minus
1140 2336 1315 2389 oblato
1339 2338 1529 2394 aeriter
1551 2338 1664 2396 ictu

179 2404 439 2474 Reliquias
460 2412 636 2458 motus
658 2404 837 2458 vitalis
860 2405 1069 2458 vincere
1094 2421 1264 2474 saepe;

181 2472 421 2542 Vincere,
444 2480 500 2528 et
522 2476 764 2542 ingentes
787 2473 959 2542 plagae
985 2473 1164 2525 sedare
1188 2475 1465 2541 tumultus,

179 2541 350 2610 Inque
374 2560 492 2595 suos
515 2543 773 2612 quidquid
795 2559 971 2594 rursus
993 2559 1235 2595 revocare
1257 2548 1464 2594 meatus
1485 2560 1498 2604 ;

178 2609 251 2663 Et
276 2612 425 2679 quasi
442 2614 556 2680 jam
579 2612 673 2663 leti
697 2611 1056 2663 dominantem
1078 2611 1136 2662 in
1160 2627 1371 2679 corpore
1394 2617 1598 2668 motum

179 2678 470 2748 Discum-0,
495 2697 557 2733 ac
580 2696 731 2748 paene
755 2679 967 2732 amissos
991 2678 1274 2735 accendere
1297 2694 1491 2734 sensus.

1001 2761 1034 2801 1·
