2084 3000
192 195 260 247 68
813 188 870 243 T.
907 188 1240 242 LUORETII
1341 186 1352 191 ’

916 289 998 342 De
1021 289 1154 343 coelo.

191 385 460 455 Principio
485 383 603 437 coeli
626 383 829 436 clarum
851 399 1150 451 purumque
1174 382 1411 450 colorem,

191 456 468 522 Quemque
490 454 547 505 in
573 470 627 505 se
650 452 895 504 cohibent
918 452 1157 521 palantia
1181 452 1350 505 sidera.
1374 451 1584 521 passim,
1734 456 1873 507 1030

190 524 365 576 Lunai
389 528 444 575 et
468 522 588 574 eolis
610 520 865 590 praeclara
887 521 1004 573 luce
1026 521 1251 573 nitorem
1275 539 1288 573 ε

193 592 383 646 Omnia
400 607 516 659 quae
540 607 683 642 nunc
707 590 752 642 si
775 590 1003 658 primum
1027 589 1338 645 mortalibus
1360 596 1546 658 essent,

192 661 276 713 Ex
300 659 579 729 improviso
602 659 646 710 si
670 658 777 710 sint
801 656 1003 727 objecta
1025 665 1242 727 repente
1265 676 1277 713 ε

194 729 335 794 Quid
356 729 525 796 magis
547 728 630 779 his
653 726 805 780 rebus
827 733 1034 795 poterat
1058 727 1296 783 mirabile
1320 725 1439 791 dici,

194 800 306 851 Aut
328 798 504 850 minus
527 801 651 849 ante
677 796 814 865 quod
838 796 1093 852 auderent
1117 797 1227 848 fore
1252 796 1458 848 credere
1481 802 1664 865 gentes
1683 797 1703 850 ‘3

195 866 300 936 Nil,
325 872 387 920 ut
409 885 440 919 o
478 867 620 930 inor3
655 865 734 918 ita
757 864 869 917 haec
894 865 1088 933 species
1110 865 1351 918 miranda
1374 866 1594 930 fuisset3

196 936 367 1000 Quam
390 937 436 988 ti
469 935 490 986 i
504 937 620 1002 jam
643 950 795 986 nemo
819 933 986 985 fessus
1010 934 1200 987 satiate
1224 935 1440 987 videndi

196 1005 466 1085 suspicere
489 1004 548 1055 in
570 1002 689 1055 coeli
712 1003 963 1069 dignatur
984 1002 1162 1054 lucida.
1184 1003 1396 1072 templa.

196 1074 388 1126 Desine
412 1078 728 1141 quapropter
749 1071 986 1123 novitate
1010 1071 1295 1124 exterritus
1318 1073 1435 1140 ipsa

198 1142 467 1210 Exspuere
490 1157 557 1192 ex
580 1140 756 1193 animo
779 1140 1069 1193 rationem:
1106 1140 1195 1192 sed
1219 1142 1388 1208 magis
1412 1141 1521 1198 acri
1739 1144 1875 1197 1040

197 1210 237 1264 J
239 1209 412 1264 udicio
434 1209 711 1278 perpende,
735 1214 804 1276 et,
829 1209 874 1260 si
896 1208 997 1260 tibi
1019 1226 1145 1262 vera
1166 1209 1428 1277 videntur,

197 1279 344 1332 Dede
365 1295 554 1331 manus
577 1297 591 1342 ;
627 1285 738 1345 aut,
763 1278 807 1330 si
829 1276 1026 1330 falsum
1051 1283 1145 1344 est,
1168 1279 1440 1345 accingere
1465 1283 1660 1330 contra.

200 1347 400 1412 Quaerit
424 1348 565 1400 enim
587 1347 842 1401 rationem
867 1346 1089 1413 animus,
1116 1363 1282 1413 quum
1305 1364 1509 1400 summa.
1531 1347 1632 1399 loci
1658 1350 1727 1399 sit

202 1416 420 1470 Infinita
441 1415 567 1469 foris
589 1415 702 1468 haec
726 1420 879 1467 extra
901 1416 1096 1469 moenia
1117 1415 1304 1468 mundi
1324 1434 1338 1480 ;

200 1486 340 1553 Quid
364 1485 434 1539 sit
455 1485 530 1538 ibi
553 1503 717 1555 porro,
744 1502 846 1554 quo
869 1484 1160 1555 prospicere
1182 1502 1348 1556 usque
1371 1483 1500 1539 velit
1524 1501 1685 1553 mene,

199 1558 374 1625 Atque
397 1556 563 1609 animi
580 1558 756 1624 jactus
779 1554 912 1607 liber
935 1571 1037 1624 quo
1062 1554 1297 1623 pervolet
1318 1554 1431 1624 ipse
1446 1563 1479 1608 ⁰.

565 1689 728 1745 Omm
750 1688 1026 1761 infinitwn
1049 1687 1115 1741 in
1137 1705 1311 1742 omna
1321 1697 1515 1759 partu.

270 1795 550 1866 Principio,
573 1796 721 1849 nobis
742 1797 803 1849 in
825 1802 1042 1850 cunctas
1066 1796 1299 1865 undique
1321 1802 1514 1865 partes,

200 1864 274 1919 Et
294 1865 458 1918 latere
481 1882 550 1917 ex
571 1870 809 1933 utroque,
832 1866 1074 1934 infraque
1097 1882 1368 1934 superque,
1391 1882 1486 1934 per
1508 1883 1661 1919 omne

201 1934 367 1986 Nulla
388 1939 469 1986 est
490 1933 626 2001 finis,
649 1934 733 1985 uti
751 1933 919 1991 docui.
941 1951 1024 1986 res
1047 1934 1105 2003 ip
1198 1950 1265 1985 ue
1287 1950 1383 2014 per
1405 1951 1460 1986 se

204 2001 550 2068 Vociferatur,
574 2007 630 2054 et
653 2002 826 2054 elucet
847 2008 1040 2056 natura
1061 2018 1155 2072 pro
1182 2002 1325 2055 und1.
1744 2005 1878 2056 1050

202 2070 365 2124 Nullo
380 2073 496 2139 jam
518 2075 673 2140 pacto
696 2071 977 2124 verisimile
1000 2088 1110 2124 esse
1133 2071 1432 2140 putandum
1455 2077 1550 2139 est,

203 2139 449 2207 Undique
471 2156 637 2207 quum
659 2156 868 2193 versum
891 2140 1123 2209 spatium
1146 2147 1298 2194 vacet
1320 2141 1605 2207 infinitum,

203 2207 515 2276 Seminaque
537 2209 812 2262 innumero
831 2226 1049 2261 numero
1072 2225 1375 2277 summaque
1398 2210 1661 2278 profunda.

202 2276 533 2330 Multimodis
556 2277 793 2345 volitent,
818 2285 1015 2331 aeterno
1037 2277 1238 2346 percita
1260 2283 1409 2331 motu
1433 2296 1449 2342 ς

205 2345 368 2399 Hunc
389 2359 557 2398 unum
580 2351 836 2398 terrarum
859 2346 1035 2399 orbem
1060 2346 1355 2413 coelumque
1378 2354 1611 2400 creatum
1631 2366 1646 2412 3

155 2421 162 2427 ‘
203 2412 298 2468 Nil
321 2431 475 2482 agere
496 2414 591 2467 illa
612 2414 738 2467 foris
761 2420 842 2467 tot
865 2432 1082 2483 corpora.
1104 2416 1380 2469 materiai:

207 2482 384 2547 Quum
407 2483 697 2552 praesertim
719 2482 808 2536 hic
833 2483 903 2535 sit
926 2490 1121 2536 natura
1141 2483 1330 2550 factus,
1353 2489 1410 2537 et
1430 2485 1547 2553 ipsa

206 2550 245 2605 S
311 2558 404 2604 nte
426 2570 523 2605 sua.
543 2552 678 2605 forte
701 2552 998 2604 offensando
1022 2552 1222 2605 semina
1242 2569 1419 2605 rerum

110 2661 119 2670 .
205 2568 549 2688 hfu'ltimodis,
572 2626 781 2687 temere,
804 2621 1083 2685 incassum,
1105 2620 1405 2687 frustraque
1428 2626 1609 2673 coacta

690 2722 708 2744 ⁸
736 2713 842 2753 liber
859 2714 914 2752 nit
931 2724 1013 2763 quo
1031 2713 1134 2753 velit
1152 2713 1267 2760 ipeog
1296 2712 1391 2751 Me.
