2084 3000
744 203 961 255 LIBER
997 202 1312 256 TERTIUS.
1799 205 1867 256 89

192 307 367 374 Usque
393 306 521 359 adeo
544 306 690 358 falsae
713 305 906 358 rationi
929 322 1054 358 vera.
1076 306 1288 358 videtur

192 376 295 427 Res
319 392 598 441 occurrere,
624 381 678 427 et
701 374 962 454 effugium·
976 373 1295 442 praecludere
1320 373 1497 437 eunti3
1559 400 1560 403 ¹

190 443 531 524 Ancipitique
554 443 790 495 refutatu
815 443 1120 495 convincere
1144 442 1350 495 falsum.

261 512 378 578 Dep
344 513 502 579 nique
526 529 660 579 saepe
683 512 946 563 hominem
970 511 1232 580 paulatim
1255 510 1514 563 cernimus
1539 511 1628 578 ire,

191 581 264 634 Et
287 580 618 660 membratim
642 580 857 633 vitalem
880 580 1161 647 deperdere
1186 596 1421 632 sensum:

195 648 506 785 {zildpedibus
529 649 756 719 primum
781 649 974 715 digitos
998 647 1245 700 livescere
1269 654 1324 700 et
1346 664 1579 715 ungues;

355 718 512 785 pedes
535 725 589 770 et
614 735 767 769 crura
790 717 952 780 mori3
988 723 1107 796 post
1132 716 1253 767 inde
1278 733 1370 784 per
1392 723 1539 769 artus

196 787 281 839 Ire
305 786 434 838 alios
458 787 667 838 tractim
692 785 855 853 gelidi
879 785 1104 851 vestigia
1127 784 1236 837 leti.

195 854 470 907 Scinditur
491 861 653 922 atque
676 855 852 906 animo
873 853 1127 921 quoniam
1150 857 1357 919 natura,
1381 869 1479 905 nec
1503 869 1609 905 uno
1769 856 1872 906 530

196 922 324 975 'sem
393 940 449 975 re
472 923 674 976 sincera
697 923 895 989 existit,
919 921 1155 974 mortalis
1179 920 1422 974 habenda
1444 927 1537 975 est.

376 991 420 1043 si
443 991 577 1044 forte
638 998 770 1059 utas,
795 991 963 1059 ipsam
988 1007 1042 1042 se
1066 1007 1214 1059 posse
1236 1007 1331 1059 per
1352 996 1497 1043 artus

200 1060 599 1113 Introrsumtra
637 1077 736 1126 ere,
760 1066 815 1112 et
839 1066 1013 1128 partes
1037 1059 1364 1112 conducere
1347 1076 1405 1112 ιιι
1428 1076 1612 1127 ιιιιιιιιι,

198 1128 247 1181 A
308 1145 376 1181 ue
400 1128 515 1180 ideo
539 1129 742 1182 cunctis
767 1144 975 1180 sensum
999 1127 1256 1181 deducere
1278 1127 1553 1193 membris;

199 1197 275 1248 At
321 1213 444 1248 ocus
466 1197 557 1249 ille
579 1204 773 1263 tamen,
800 1213 902 1265 quo
925 1196 1076 1264 copia
1099 1202 1252 1249 tanta
1274 1197 1475 1249 animai

202 1264 434 1332 Cogitur,
458 1265 515 1316 in
540 1282 692 1318 sensu
716 1265 871 1317 debet
894 1266 1090 1332 majore
1113 1265 1294 1318 videri.

203 1332 307 1396 Qui
329 1335 578 1401 quoniam
600 1350 860 1401 nusquam
884 1339 977 1398 est,
1001 1332 1267 1400 nimirum,
1291 1339 1356 1385 ut
1379 1332 1609 1386 diximus
1633 1340 1773 1401 ante,

201 1400 475 1454 Dilaniata
497 1403 635 1454 foras
659 1400 833 1469 disper
832 1401 1006 1520 {litun
1042 1401 1226 1453 interit
1250 1418 1371 1468 ergo

151 1503 154 1506 ι
275 1470 417 1535 Quin
440 1470 616 1537 etiam,
642 1470 685 1522 si
702 1471 816 1537 jam
864 1469 1002 1521 beat
1026 1418 1371 1523 concederego
1327 1469 1536 1537 falsum,

205 1538 278 1591 Et
301 1540 439 1606 dare,
464 1556 611 1620 posse
634 1539 865 1591 animam
888 1537 1203 1604 glomerari
1188 1555 1245 1589 ιιι
1269 1554 1480 1605 corpore
1504 1555 1693 1605 eorum,
1781 1540 1883 1590 540

205 1607 433 1661 Lumina
456 1607 550 1675 qui
573 1607 826 1674 linquunt
847 1603 1145 1657 moribundi
1168 1606 1554 1674 particulatim.

206 1676 486 1729 Mox-talem
509 1682 689 1728 tamen
712 1691 822 1727 esse
844 1674 1077 1727 amimam
1098 1674 1296 1726 fateare
1319 1690 1526 1727 necesse
1547 1680 1642 1727 est.

206 1745 320 1797 Nec
341 1746 517 1812 refert,
541 1750 725 1825 utrum
748 1749 929 1812 pereat
951 1742 1182 1810 dispersa
1204 1759 1297 1811 per
1320 1759 1488 1811 auras,

207 1814 296 1865 Αιι
318 1819 586 1866 contracta
610 1813 717 1865 suis
741 1829 771 1864 e
794 1810 1029 1880 partibus
1054 1811 1414 1875 obbrutescat3

210 1882 433 1946 Quando
457 1882 720 1934 hominem
745 1887 917 1934 totum
939 1881 1109 1948 magis
1133 1898 1195 1934 ac
1218 1880 1387 1948 magis
1412 1881 1647 1950 undique
1672 1898 1851 1934 sensus

207 1950 417 2018 Deficit,
442 1957 497 2003 et
519 1951 642 2003 vitae
665 1951 841 2002 minus
865 1960 918 2002 et
938 1950 1115 2001 minus
1136 1951 1373 2018 undique
1396 1956 1573 2004 restat.

280 2019 352 2071 Et
375 2019 621 2088 quoniam
643 2035 790 2072 mens
813 2025 894 2071 est
916 2018 1142 2071 hominis
1166 2036 1287 2088 pars
1310 2036 1433 2085 una,
1442 2019 1671 2088 locoque

211 2088 350 2141 Fixa.
369 2092 550 2141 manet
573 2095 728 2154 certo,
751 2087 900 2140 velut
924 2104 1076 2140 aures
1100 2093 1260 2155 atque
1283 2087 1424 2140 oculi
1446 2096 1585 2152 sunt,

210 2157 389 2225 Atque
413 2156 507 2209 alii
530 2173 724 2224 sensus,
748 2157 841 2224 qui
863 2156 1029 2208 vitam
1053 2172 1278 2224 cumque
1301 2154 1631 2223 gubernant;

211 2225 285 2277 Et
306 2225 473 2278 veluti
495 2242 699 2292 manus,
722 2232 881 2293 atque
904 2225 1103 2290 oculus,
1128 2242 1343 2277 naresve
1367 2241 1609 2291 seorsum,
1784 2226 1888 2276 550

212 2293 435 2346 Secreta
446 2311 480 2346 a.
502 2293 652 2347 nobis
674 2299 947 2362 nequeunt
971 2294 1179 2359 sentire,
1202 2309 1375 2360 neque
1398 2310 1538 2345 esse:

212 2362 316 2415 Sed
339 2368 519 2415 tamen
542 2363 600 2414 ιιι
623 2379 784 2431 parvo
808 2362 1090 2442 liquuntur
1111 2367 1345 2429 tempore
1368 2361 1497 2413 tali:

213 2431 300 2484 Sic
323 2432 532 2483 animus
555 2448 650 2500 per
672 2448 726 2483 se
750 2447 855 2483 non
880 2430 998 2498 quit
1021 2429 1136 2481 sine
1158 2446 1371 2497 corpore
1395 2436 1451 2481 et
1473 2430 1587 2497 ipso

214 2498 342 2552 Esse
366 2499 592 2564 homine,
616 2499 762 2550 illius
785 2499 935 2566 quasi
960 2498 1102 2566 quod
1125 2515 1219 2551 vas
1242 2514 1353 2550 esse
1376 2497 1601 2561 videtur,

215 2568 337 2620 Sive
360 2567 507 2619 aliud
531 2568 741 2635 quidvis
763 2568 938 2634 potius
963 2566 1297 2633 conjunctius
1320 2565 1372 2616 ei

214 2636 468 2705 Fingere3
504 2634 928 2715 quandoquidem
951 2650 1193 2686 connexu
1218 2648 1404 2699 corpus
1426 2629 1672 2682 adhaeret.

285 2705 526 2773 Denique
550 2720 777 2772 corporis
800 2709 960 2772 atque
983 2702 1150 2755 animi
1172 2700 1352 2754 vivata
1374 2703 1608 2766 potestas
