2084 3000
680 193 898 245 LIBER
933 191 1312 245 SECUNDUS.
1766 195 1835 244 61

230 294 366 346 Tum
390 310 554 363 ponc,
579 312 696 362 quae
721 295 871 346 ducit
893 300 950 346 et
971 294 1144 360 illicit,
1167 299 1229 345 ut
1252 292 1547 345 tribuamus
1566 296 1574 304 '

159 363 442 431 Principiis
465 380 642 415 rerum
663 379 1056 430 nonnunquam,
1080 379 1251 426 causa,
1277 361 1483 426 colores,

161 432 369 485 Occidit
388 450 403 495 3
436 449 503 483 ex
526 431 660 483 albis
686 431 932 498 quoniam
955 447 1062 481 non
1085 428 1207 482 alba
1230 436 1490 495 creantur,

157 500 210 552 N
211 517 270 552 ec
294 517 411 567 quae
434 501 587 567 nigra
613 499 791 552 cluent
815 499 881 551 de
903 499 1084 565 nigriS,
1109 498 1199 550 sed
1223 499 1381 550 variis
1405 498 1484 551 de.
1738 500 1837 551 790

158 569 366 637 Quippe
390 569 585 620 etenim
608 567 776 620 multo
798 567 1082 635 proclivius
1106 566 1408 618 exorientur

158 637 396 690 Candida
420 636 485 689 de
508 636 668 704 nullo,
696 652 856 703 quam
877 635 1043 703 nigre,
1068 640 1198 687 nata
1220 635 1400 700 colore,

113 733 119 737 ·
154 706 270 758 Aut
292 704 396 757 alio
419 705 616 772 quovi8‚
641 705 731 772 qui
755 709 937 757 contra
959 709 1164 772 pugnet
1187 707 1241 755 et
1265 703 1449 755 obstet.

227 773 502 841 Praeterea,
527 773 776 840 quoniam
798 778 1073 839 nequeunt
1097 771 1208 823 sine
1231 771 1349 823 luce
1374 771 1565 823 colores

155 841 297 907 Esse,
321 858 491 909 neque
513 842 572 893 in
593 841 766 894 lucem
790 842 1029 893 existunt
1052 840 1336 909 primordia
1360 856 1565 892 rerum:

156 909 301 962 Scire
323 909 450 962 licet
473 926 631 978 quam
655 910 763 962 sint
784 910 933 962 nullo
956 907 1135 961 velata
1158 908 1338 960 colore.

157 978 339 1042 Qualis
362 978 505 1030 enim
527 978 677 1031 caecis
701 979 894 1047 poterit
918 977 1057 1030 color
1079 992 1188 1028 esse
1211 975 1457 1038 tenebris,

155 1045 382 1099 Lumine
405 1047 496 1115 qui
517 1047 576 1099 in
599 1047 714 1116 ipso
738 1051 992 1112 mutatur,
1017 1050 1291 1113 propterea
1313 1045 1453 1112 quod

153 1114 323 1168 Recta
344 1123 441 1168 aut
464 1115 674 1183 obliqua
697 1131 971 1183 percussus
994 1114 1113 1166 11100
1136 1113 1398 1180 refulget?

663 1209 744 1262 De
767 1208 928 1261 colore
951 1205 1320 1260 columbarum.

151 1287 347 1342 Pluma
370 1289 727 1343 columbarum
752 1306 855 1357 quo
878 1293 1033 1357 pacto
1057 1287 1116 1339 in
1139 1287 1245 1340 sole
1268 1287 1492 1355 videtur,
1730 1288 1832 1338 800

153 1357 290 1418 Quae
314 1359 418 1411 sita
441 1359 664 1412 cervices
688 1358 886 1410 circum
910 1357 1205 1424 collumque
1229 1361 1466 1410 coronat:

149 1426 393 1494 Namque
416 1422 546 1480 alias
570 1427 646 1493 fit,
671 1426 752 1478 uti
777 1426 915 1477 claro
943 1425 1011 1477 sit
1032 1424 1193 1476 rubra
1214 1441 1412 1493 pyropo
1432 1443 1448 1488 ;

152 1495 431 1548 Interdum
455 1495 682 1563 quodam
706 1511 861 1547 sensu
882 1494 960 1561 fit,
984 1493 1066 1547 uti
1090 1493 1336 1546 videatur

150 1563 302 1617 Inter
325 1564 605 1617 caeruleum
628 1563 819 1616 virides
842 1564 1059 1614 miscere
1083 1561 1395 1628 smaragdos.

724 1657 806 1710 De
828 1656 999 1710 cauda
1018 1656 1259 1726 pavonis.

150 1739 434 1808 Gaudaque
457 1738 691 1807 pavonis,
715 1738 863 1806 larga
922 1755 1051 1790 uum
1074 1737 1191 1789 11100
1214 1736 1416 1804 repleta
1440 1739 1532 1802 est,

149 1808 420 1861 Consimili
442 1813 619 1860 mutat
641 1807 843 1860 ratione
868 1755 1081 1860 0111701311.
1104 1805 1310 1858 colores.

149 1878 255 1940 Qui
279 1877 527 1945 quoniam
553 1876 779 1945 quodam
802 1876 1096 1943 gignuntur
1119 1874 1334 1926 luminis
1358 1873 1484 1941 ictu,

148 1944 293 1997 Scire
316 1945 440 1997 licet
464 1945 576 1997 sine
600 1962 659 1997 00
683 1944 798 1997 fieri
822 1961 927 1996 non
949 1961 1098 2012 posse
1120 1943 1419 2012 putandum
1443 1947 1536 1994 est.

218 2014 291 2065 Et
314 2014 562 2081 quoniam
585 2012 755 2082 plagae
782 2012 1045 2080 quoddam
1069 2029 1235 2078 genus
1259 2011 1459 2079 excipit
1481 2011 1540 2062 in
1564 2027 1619 2062 se

147 2081 373 2150 Pupu1a‚
399 2098 563 2150 quum
587 2081 780 2133 sentire
803 2081 1024 2133 colorem
1050 2080 1246 2132 dicitur
1268 2079 1463 2144 album,
1721 2082 1828 2130 810

146 2152 324 2217 Atque
347 2149 493 2202 aliud
517 2166 683 2218 porro,
708 2150 920 2216 nigrum
944 2165 1110 2216 quum
1134 2154 1188 2200 et
1212 2153 1384 2200 cetera
1407 2147 1584 2214 sentit,

145 2218 198 2270 N
199 2234 258 2269 00
280 2218 454 2285 refert,
479 2235 542 2271 ea
565 2235 683 2286 quae
707 2217 897 2285 tangis,
921 2234 1023 2285 quo
1048 2216 1182 2269 forte
1206 2215 1375 2269 colore

146 2285 381 2338 Praedita
404 2286 525 2353 sint,
550 2303 733 2340 verum
757 2285 901 2353 quali
923 2285 1091 2353 magis
1115 2290 1242 2351 apta
1264 2284 1461 2351 figura:

144 2354 289 2407 Scire
310 2353 452 2422 licet,
476 2355 555 2406 nil
578 2354 851 2436 principiis
875 2371 1004 2422 opus
1028 2370 1139 2405 esse
1163 2353 1385 2416 colores;

143 2422 248 2477 Sed
271 2422 430 2476 variis
452 2422 632 2475 formis
655 2427 918 2475 variantes
943 2421 1094 2473 edere
1118 2426 1309 2474 tactus.

212 2490 488 2557 Praeterea,
515 2490 764 2557 quoniam
786 2507 891 2541 non
917 2489 1072 2542 certis
1097 2495 1239 2541 certa
1260 2488 1444 2556 figuris

143 2558 240 2611 Est
262 2563 456 2611 natura
480 2558 677 2626 coloris,
702 2564 757 2610 et
780 2558 954 2611 omnia
978 2558 1355 2638 principiorum

143 2627 512 2680 Formamenta
535 2632 738 2696 queunt
761 2627 819 2678 in
842 2643 1022 2695 quovis
1047 2643 1155 2679 esse
1178 2627 1374 2677 nitore:

145 2696 250 2750 Gur
271 2712 350 2765 ea,
373 2712 488 2764 quae
512 2700 756 2750 constant
780 2711 847 2748 ex
869 2694 990 2762 illis,
1015 2711 1121 2747 non
1144 2694 1341 2761 pariter
1365 2696 1489 2745 sunt
