2084 3000
779 167 996 221 LIBER
1031 167 1320 221 PRIMUS.
1827 173 1889 222 11

197 267 354 320 Hine
377 265 541 320 alitur
564 281 716 335 porro
739 272 978 319 nostrum
1001 284 1169 334 genus
1192 273 1354 335 atque
1375 267 1632 321 ferarum:

198 336 355 388 Hine
378 335 528 388 laetas
544 334 706 387 -urbes
728 334 906 404 pueris
928 335 1111 387 florere
1134 335 1388 403 videmus,

198 404 649 471 Frondiferasque
670 403 820 456 novis
843 403 1051 457 avibus¹
1076 421 1261 457 canere
1283 404 1520 473 undique
1544 405 1701 459 silvas
1722 424 1736 469 ;

201 471 355 525 Hine
377 472 526 525 fessae
549 472 775 541 pecudes
798 473 1021 542 pingues
1045 490 1139 541 per
1161 473 1358 541 pabula
1380 473 1507 527 laeta

201 541 437 610 Corpora
460 541 746 610 deponunt,
770 546 826 593 et
849 541 1079 593 candens
1102 540 1304 595 lacteus
1327 542 1516 595 humor

200 609 470 662 Uberibus
492 614 676 662 manat-
700 609 973 673 distentis;
1008 609 1135 661 hino
1158 627 1295 663 nova
1319 610 1489 679 proles
1787 613 1891 665 260

204 676 448 730 Artubus
469 677 692 730 infirmis
715 683 922 730 teneras
945 678 1143 730 lasciva
1165 695 1259 746 per
1280 678 1467 732 herbas

203 745 391 813 Ludit,
414 747 554 800 lacte
576 764 718 799 mero
741 751 945 798 mentes
968 762 1214 814 percussa
1236 746 1483 801 novellas.

207 813 376 867 Haud
399 815 565 883 igitur
589 815 801 884 penitus
824 819 1049 883 pereunt
1073 831 1420 883 quencumque
1443 815 1718 871 videntur:

209 883 435 947 Quando
458 883 571 936 alid
596 901 664 935 ex
686 883 791 937 alio
814 883 984 937 reficit
1007 888 1215 951 natura,
1238 900 1337 936 nee
1360 884 1526 937 ullam

210 951 346 1005 Rem
369 952 519 1020 gigni
543 952 761 1020 patitur,
784 952 888 1004 nisi
910 956 1079 1003 morte
1103 951 1291 1020 adjuta
1311 952 1499 1006 aliena.

280 1020 439 1073 Nune
461 1037 573 1087 age,
596 1037 680 1072 res
703 1020 949 1101 quoniam
973 1019 1128 1072 docui
1151 1038 1258 1073 non
1281 1038 1428 1089 posse
1454 1022 1620 1075 creari

207 1086 293 1140 De
314 1088 499 1154 nihilo,
522 1105 695 1157 neque
717 1094 848 1141 item
871 1088 1079 1156 genitas
1102 1089 1171 1141 ad
1194 1089 1273 1141 nil
1295 1092 1554 1145 revocari:

208 1156 264 1209 N
263 1173 294 1208 e
350 1174 424 1210 ua
445 1157 581 1210 forte
604 1163 786 1210 tamen
809 1161 1003 1225 coeptes
1027 1157 1263 1210 diffidere
1287 1158 1457 1226 dictis,

212 1174 365 1290 Quoffi
387 1231 659 1294 nequeunt
683 1225 1047 1278 oculis-rerum
1069 1225 1353 1295 primordia
1377 1228 1549 1293 eerni3

669 1341 899 1413 ooo-pora
922 1360 1037 1414 quae
1061 1361 1170 1397 mm
1193 1343 1451 1398 videntur.

216 1435 338 1488 Acci
429 1440 696 1506 praeterea,
720 1453 839 1506 quae
864 1454 1079 1507 corpora
1102 1442 1219 1490 tute
1242 1454 1450 1490 neeesse
1474 1444 1553 1490 est
1791 1437 1894 1490 270

213 1505 285 1558 Co
359 1512 504 1558 teare
526 1523 636 1558 esse
659 1507 716 1557 in
739 1506 910 1574 rebus,
932 1523 1032 1559 nee
1054 1523 1203 1575 posse
1226 1506 1407 1559 videri.

281 1574 564 1643 Principio,
587 1575 735 1628 venti
757 1574 837 1628 vis
860 1573 1100 1627 verberat
1123 1574 1291 1626 incita
1313 1578 1537 1642 pontum
1547 1574 1585 1640 ¹¹,

213 1641 566 1710 Ingentesque
587 1642 698 1695 ruit
721 1659 895 1710 naveS,
920 1648 974 1696 et
998 1641 1183 1694 nubila
1207 1642 1414 1705 differt3

213 1710 507 1779 Interdum,
529 1711 714 1779 rapido
737 1728 1049 1779 percurrens
1072 1711 1298 1777 turbine,
1322 1726 1532 1778 campos

212 1778 502 1831 Arboribus
525 1779 733 1846 magnis
758 1779 961 1847 sternit,
984 1785 1294 1848 montesque
1318 1795 1584 1847 supremos

214 1846 511 1913 Silvifragis
535 1854 697 1901 vexat
719 1847 925 1901 flabris:
960 1848 1040 1901 ita
1064 1848 1288 1917 perfurit
1311 1847 1424 1900 acri

216 1916 349 1969 Cum
370 1915 604 1982 fremitu,
628 1914 882 1985 saevitque
903 1916 1100 1969 minaci
1123 1933 1390 1968 murmure
1414 1921 1623 1985 pontus.

218 1983 356 2037 Sunt
377 1984 545 2051 igitur
568 1984 718 2038 venti
739 1985 989 2037 nimirum
1012 2001 1229 2053 corpora
1251 2001 1404 2052 eaeca,

215 2052 345 2117 Quae
367 2070 527 2119 mare,
552 2069 669 2121 quae
693 2058 872 2121 terras,
898 2070 1015 2121 quae
1039 2053 1267 2122 denique
1290 2050 1477 2106 nubila
1500 2055 1620 2108 cosli

214 2120 462 2189 Verrunt,
485 2138 548 2174 8ο
571 2120 746 2174 subito
768 2121 1018 2175 vexantia
1041 2120 1255 2174 turbine
1276 2127 1507 2190 raptant.
1788 2122 1896 2173 280

211 2188 325 2243 Neo
346 2190 550 2243 ratione
572 2190 750 2242 fluunt
773 2190 893 2257 alia,
918 2196 1250 2258 stragemque
1272 2197 1583 2259 propagant,

214 2257 286 2310 Et
309 2275 474 2326 quum
495 2258 669 2311 mollis
692 2275 841 2326 aquae
864 2258 1034 2311 fertur
1057 2264 1251 2311 natura
1272 2265 1490 2326 repente

215 2325 460 2379 Flumine
482 2325 789 2395 abundanti,
813 2327 952 2395 quod
975 2326 1138 2394 largis
1160 2326 1413 2379 imbribus
1435 2332 1598 2395 auget

216 2394 492 2448 Montibus
514 2412 582 2448 ex
605 2394 729 2448 altis
750 2413 975 2477 magnus
1001 2393 1250 2448 decursus
1273 2398 1451 2463 aquai,

411 2464 422 2476 ⁰
521 2463 802 2532 conjiciens
826 2464 1079 2517 sflvarum
1102 2463 1420 2531 arbustaque
1442 2467 1585 2527 tota3

215 2532 325 2584 Nee
348 2532 514 2585 validi
535 2538 755 2602 possunt
779 2539 964 2601 pontes
988 2533 1248 2586 venientis
1341 2535 1434 2583 ua'i

218 2599 340 2653 Vim
363 2600 593 2654 subitam
608 2601 862 2654 tolerare:
898 2601 992 2669 ita,
1014 2618 1209 2669 magno
1233 2606 1322 2651 tur
1357 2599 1478 2651 idus
1502 2596 1673 2665 imbri,

545 2692 559 2722 ¹
586 2696 759 2746 opibus:
790 2695 885 2735 MS.
1233 2696 1255 2723 ¹²
1283 2698 1443 2744 portum
1473 2693 1569 2732 MS.
