2084 3000
156 211 159 214 >
195 186 299 237 212
817 179 874 232 T.
910 178 1243 232 LUGRETH

196 285 283 353 Et,
309 283 498 352 quibus
521 300 551 336 e
574 283 742 337 causis
764 282 911 348 fiant,
934 286 1156 350 apparet
1179 280 1354 347 origo:

196 353 237 406 J
237 370 376 405 anua
398 370 465 404 ne
487 352 658 420 posita
681 351 764 402 his
789 350 909 403 Orci
931 349 1230 416 regionibus
1255 365 1362 399 esse

197 421 463 486 Credatur,
486 425 603 488 post
626 419 751 471 hinc
774 418 974 469 animas
998 417 1316 469 Acheruntis
1341 416 1397 466 in
1419 431 1533 467 oras

194 489 397 542 Ducere
419 489 553 540 forte
577 488 697 539 deos
720 486 904 539 Manes
927 486 1131 537 inferne
1152 501 1385 536 reamur:

196 556 423 610 Naribus
446 556 517 608 ali
621 571 674 606 es
698 560 760 607 ut
783 555 923 606 cervi
947 570 1084 621 saepe
1107 558 1365 620 putantur

195 625 401 677 Ducere
423 624 488 676 de
565 622 724 675 tebris
747 622 1010 690 serpentia
1032 620 1185 673 saecla
1207 620 1450 671 ferarum.

196 692 348 756 Quod
370 692 552 761 procul
574 709 608 744 a.
630 707 752 743 vera
775 707 933 770 quam
956 690 1026 742 sit
1050 689 1250 741 ratione
1272 687 1553 755 repulsum,

197 759 443 829 Percipe;
478 776 603 812 nam
625 775 768 811 nunc
791 775 906 827 ipsa
929 758 994 809 de
1016 774 1074 809 re
1098 757 1268 808 dicere
1292 772 1459 808 conor.

264 829 529 897 Principio
552 829 650 880 hoc
673 827 803 892 dico,
827 826 967 895 quod
991 825 1106 877 dixi
1129 840 1264 891 saepe
1288 840 1493 891 quoque
1515 826 1654 888 ante,
1762 822 1868 875 770

196 896 265 949 In
287 902 427 950 terra
450 899 703 965 cujusque
725 895 867 947 modi
888 911 1064 946 rerum
1087 910 1196 945 esse
1219 892 1413 959 figuras
1434 909 1448 955 ;

195 964 386 1032 Multa,
410 964 525 1018 cibo
550 981 665 1032 quse
689 968 814 1015 sunt
837 962 1037 1029 vitalia,
1061 961 1351 1027 multaque,
1374 959 1577 1012 morbos

196 1033 441 1089 Incutere
462 1039 517 1085 et
538 1038 759 1084 mortem
783 1047 901 1097 quse
924 1030 1125 1098 possint
1149 1029 1462 1082 accelerare:

195 1099 267 1153 Et
289 1102 457 1168 magis
480 1117 588 1152 esse
612 1099 729 1151 aliis
752 1099 884 1151 alias
905 1098 1265 1150 animantibus
1288 1102 1441 1165 aptas

197 1168 299 1221 Res
321 1170 389 1223 ad
414 1168 546 1221 vitai
570 1167 840 1234 rationem,
864 1167 1187 1219 ostendimus
1210 1171 1347 1232 ante,

195 1237 415 1306 Propter
436 1235 738 1289 dissimilem
760 1241 1006 1288 naturam
1029 1235 1406 1301 dissimilesque

196 1306 452 1359 'l'exturas
475 1305 613 1357 inter
635 1320 742 1357 sese
765 1305 1063 1372 primasque
1084 1303 1306 1369 figuras:

195 1373 371 1427 Multa
391 1379 571 1426 meant
594 1373 807 1425 inimica
830 1389 923 1442 per
945 1389 1110 1437 aures,
1133 1370 1305 1423 multa
1327 1386 1419 1438 per
1441 1369 1579 1438 ipsas

198 1442 479 1495 Insinuant
502 1459 652 1494 nares
675 1441 867 1494 infesta
890 1451 1047 1510 atque
1071 1456 1253 1509 aspera
1276 1445 1448 1491 tactu:

196 1511 307 1565 Nec
330 1518 455 1565 sunt
476 1511 647 1564 multa.
669 1527 855 1579 parum
879 1516 1028 1562 tactu
1050 1509 1282 1576 vitanda,
1306 1525 1476 1575 neque
1498 1511 1677 1559 autem
1766 1506 1871 1559 780

195 1579 428 1648 Aspectu
449 1580 717 1648 fugienda,
742 1595 1022 1648 saporeque
1048 1577 1221 1629 tristia
1244 1593 1359 1645 quae
1385 1576 1507 1628 sint.

195 1647 400 1701 Deinde
422 1649 598 1702 videre
620 1648 759 1713 licet,
784 1664 942 1716 quam
966 1645 1152 1698 multae
1177 1645 1283 1698 sint
1306 1644 1507 1696 homini
1529 1660 1610 1695 res

197 1716 405 1769 Acriter
425 1716 616 1769 infesto
639 1733 809 1782 sensu,
833 1731 1147 1795 spurcaeque,
1172 1729 1469 1781 gravesque.

196 1784 480 1838 Arboribus
502 1785 731 1853 primum
754 1791 910 1837 certis
932 1783 1106 1850 gravis
1128 1782 1316 1834 umbra
1339 1780 1555 1846 tributa,

198 1851 374 1921 Usque
397 1853 540 1920 adeo,
565 1852 753 1920 capitis
775 1852 977 1904 faciant
998 1856 1062 1904 ut
1086 1867 1221 1918 saepe
1245 1850 1459 1914 dolores,

198 1919 256 1973 Si
278 1921 397 1988 quis
420 1937 507 1973 eas
531 1920 711 1972 subter
724 1920 898 1987 jacuit
921 1924 1214 1987 prostratus
1235 1918 1295 1970 in
1318 1916 1503 1969 herbis.

266 1989 364 2042 Est
387 1988 548 2041 etiam
570 1988 774 2054 magnis
799 1987 1070 2038 Heliconis
1091 1986 1357 2039 montibus
1380 1985 1545 2051 arbos,

196 2055 364 2109 Floris
387 2056 539 2109 odore
563 2056 829 2107 hominem
850 2059 987 2107 tetro
1011 2061 1259 2108 consueta
1280 2070 1480 2107 necare.

201 2123 413 2178 Scilicet
435 2124 550 2176 haec
573 2124 690 2176 ideo
714 2123 866 2176 terris
890 2139 957 2175 ex
980 2123 1157 2175 omnia
1180 2128 1420 2189 surgunt,

197 2191 375 2246 Multa
396 2193 564 2246 modis
586 2192 768 2244 multis
792 2192 1078 2247 multarum
1104 2191 1303 2243 semina
1325 2207 1501 2242 rerum
1769 2189 1873 2242 790

198 2260 347 2325 Quod
369 2263 632 2330 permixta
655 2261 792 2328 gerit
816 2261 989 2327 tellus,
1013 2260 1205 2310 discret
1273 2275 1338 2310 ue
1362 2258 1539 2310 tradit.

265 2329 317 2381 N
317 2335 696 2397 octurnumque
718 2346 895 2381 recens
919 2328 1242 2380 exstinctum
1286 2343 1459 2393 umen,
1483 2326 1576 2377 ubi
1600 2325 1709 2378 acri

193 2393 391 2450 Nidore
412 2398 628 2449 offendit
650 2413 815 2462 nares,
839 2396 1074 2462 consopit
1095 2395 1291 2445 ibidem

195 2462 476 2515 Concidere
488 2482 503 2527 ;
537 2470 602 2517 ut
625 2480 810 2532 pronos
834 2464 926 2530 qui
948 2462 1151 2515 morbos
1174 2462 1384 2514 mittere
1409 2462 1593 2516 suevit.

264 2529 606 2597 Castoreoque
629 2532 779 2597 gravi
800 2530 990 2582 mulier
1013 2531 1181 2597 sopita
1203 2529 1476 2597 recumbit,

193 2593 266 2647 Et
288 2596 529 2648 manibus
552 2599 782 2650 nitidum
805 2596 997 2650 teneris
1020 2613 1152 2664 opus
1175 2597 1342 2648 effluit
1365 2598 1429 2663 ei,
1645 2654 1652 2659 ,

193 2661 444 2729 Tempore
467 2681 526 2716 eo
550 2666 595 2716 si
618 2666 832 2719 odorata
855 2671 948 2730 est,
973 2680 1076 2730 quo
1098 2670 1368 2717 menstrua
1392 2664 1563 2718 solvit.
