2084 3000
200 198 256 254 vi
325 231 332 238 ·
809 198 1273 256 ARGUMENTA.

202 319 448 369 Postremo
471 320 606 369 docet
627 319 907 369 universum
937 336 1040 370 esse
1069 336 1129 370 ex
1155 323 1287 371 omni
1319 328 1453 386 parte
1485 322 1745 385 infinitum,
1768 341 1872 374 cor-

202 400 407 462 puscula
427 415 531 448 esse
553 414 753 448 numero
774 400 976 458 infinita,
1000 408 1050 449 et
1070 403 1212 450 inane
1239 402 1390 451 nullis
1411 404 1629 452 terminis
1656 421 1871 469 compre-

200 478 347 525 hendi
379 492 517 540 posse
555 476 624 540 [v.
661 479 991 541 920—1050].
1060 479 1136 527 Ac
1167 486 1424 544 postquam
1457 497 1538 529 eos
1570 483 1763 541 refellit,
1789 484 1875 545 qui

202 558 494 614 existimant,
539 572 643 605 esse
695 558 891 620 aliquod
930 559 983 606 in
1024 558 1248 607 universo
1292 567 1527 617 centrum,
1567 576 1662 623 quo
1709 561 1876 624 gravia

201 637 425 685 deorsum
457 636 668 694 tendant,
698 636 815 684 dum
847 636 975 685 levia
1007 644 1174 701 sponte
1206 653 1294 686 sus
1328 654 1523 688 sursum
1553 640 1768 689 ferantur
1791 639 1872 703 [V.

204 717 324 764 1051
351 715 412 764 ad
433 715 623 779 finem}

886 853 1178 871 mm

700 1009 935 1063 LIBRI
1007 1002 1386 1066 SECUNDI.

262 1149 344 1197 An
367 1150 581 1199 studium
604 1151 937 1215 philosophiis,
960 1167 1072 1214 quae
1095 1153 1196 1201 sola
1211 1152 1360 1201 leniat
1381 1166 1535 1213 curas,
1559 1156 1873 1220 animumque

196 1236 331 1277 metu
364 1230 591 1290 exsolvat,
624 1237 879 1294 postquam
912 1231 1205 1280 Memmium
1238 1242 1380 1281 suum
1413 1236 1556 1297 poeta
1587 1233 1653 1297 [v.
1688 1235 1871 1299 1-60]

198 1310 470 1358 cohortatus
497 1317 595 1367 est3
631 1311 689 1358 de
720 1316 1005 1368 atomorum,
1028 1324 1116 1359 seu
1145 1311 1402 1370 seminum,
1425 1310 1750 1361 affectionibus
1772 1313 1870 1361 dis·

196 1391 348 1447 putat,
372 1401 575 1449 quarum
608 1387 812 1448 primam
846 1387 897 1433 in
930 1393 1067 1434 motu
1099 1387 1252 1454 ponit.
1317 1386 1505 1435 Moveri
1539 1394 1737 1445 atomos,
1764 1400 1871 1451 per-

195 1471 399 1528 petuum
428 1465 779 1515 incrementum
809 1473 953 1529 atque
981 1466 1320 1515 detrimentum
1342 1480 1503 1516 rerum
1533 1468 1691 1532 arguit
1713 1466 1782 1531 [ν.
1807 1466 1866 1518 61

195 1543 369 1609 —78].
437 1545 630 1594 Motum
653 1552 814 1595 autem
836 1547 967 1596 hunc
994 1547 1142 1595 atomi
1163 1545 1240 1595 vel
1273 1554 1442 1610 suopte
1463 1545 1662 1611 ponderi
1683 1545 1871 1606 debent,

195 1626 275 1674 vel
311 1627 489 1674 ictibus
531 1627 749 1676 alierum.
815 1623 885 1676 Et
916 1635 1172 1678 moventur
1202 1628 1448 1676 deorsum:
1494 1625 1671 1691 quippe
1707 1643 1872 1677 omnes

197 1706 344 1754 atomi
375 1713 488 1755 sunt
518 1723 715 1770 grsvesg
754 1707 838 1754 sed
864 1723 1017 1770 quum
1046 1691 1337 1756 concurrunt
1369 1709 1552 1767 solidae,
1575 1721 1769 1758 necesse
1798 1716 1873 1758 cst

200 1799 394 1850 quoquo
416 1799 611 1834 versum
629 1787 689 1835 ab
712 1799 762 1834 se
783 1786 991 1834 invicem
1013 1787 1254 1835 dissiliant
1271 1787 1349 1850 [v.
1378 1787 1611 1852 79—87].
1681 1789 1827 1840 Quod
1841 1799 1875 1836 ‘e

198 1872 370 1914 natura
381 1867 524 1915 vacui
540 1861 895 1914 demonstratur
909 1864 980 1927 [v.
997 1866 1232 1930 88--93].
1291 1868 1534 1919 Quaedam
1554 1870 1707 1932 igitur
1726 1870 1875 1918 atomi

196 1946 510 2008 implicantur
537 1946 671 1995 aliis:
708 1959 818 2008 quae
849 1947 1025 1994 arctius
1049 1948 1338 2011 junguntur,
1361 1963 1436 1997 res
1458 1950 1604 1999 duras
1624 1967 1680 2000 ac
1702 1952 1875 1999 densas

196 2025 437 2083 efficiunt3
463 2039 573 2088 quae
592 2023 768 2084 laxius,
788 2037 867 2074 res
887 2027 1058 2076 molles
1080 2029 1129 2075 et
1146 2035 1292 2086 raras,
1315 2032 1428 2078 aera
1448 2040 1496 2078 et
1520 2031 1687 2079 lumen
1713 2029 1784 2092 [v.
1808 2032 1875 2079 94

194 2106 401 2170 ——107].
470 2107 709 2158 Quaedam
737 2121 847 2155 vero
881 2107 1028 2155 atomi
1057 2115 1313 2171 nunquam
1345 2109 1632 2168 coalescunt,
1666 2110 1768 2167 sed,
1800 2110 1875 2158 uti

194 2193 412 2235 ramenta
441 2187 653 2250 pulveris
684 2177 906 2236 videmus
937 2188 989 2235 in
1020 2188 1167 2235 radiis
1201 2188 1332 2246 solis,
1359 2188 1585 2236 continuo
1618 2199 1754 2237 motu
1789 2204 1877 2251 per

194 2266 337 2314 inane
358 2266 593 2325 feruntur,
608 2272 753 2329 atque
774 2266 870 2314 alia
883 2281 1081 2329 corpora
1102 2265 1303 2314 subinde
1325 2266 1602 2328 percutiunt
1618 2273 1667 2314 et
1687 2268 1876 2330 agitant

199 2343 269 2408 [ν.
298 2344 594 2408 los—140}
660 2345 967 2406 Atomorum,
990 2347 1214 2394 deorsum
1238 2344 1556 2403 tendentium,
1581 2345 1874 2395 celeritatem

196 2425 405 2487 explicat
425 2422 495 2488 [ν.
515 2425 811 2489 141-1661.
862 2425 1054 2473 Deinde
1075 2426 1215 2488 po‘e'ta
1228 2439 1314 2488 per
1326 2424 1669 2487 digressionem
1692 2440 1774 2473 eos
1794 2426 1872 2475 in-

194 2504 512 2567 sectatus,qui
528 2517 587 2552 ex
601 2502 996 2568 corpusculorum
1013 2504 1212 2553 fortuita
1226 2504 1535 2553 concursione
1553 2504 1684 2554 hunc
1701 2506 1874 2555 mundi

192 2584 571 2647 pulcherrimum
594 2592 814 2634 ornatum
828 2601 931 2634 esse
950 2586 1234 2649 perfectum,
1251 2590 1299 2634 et
1316 2584 1419 2634 sine
1438 2584 1598 2634 divina
1612 2584 1874 2649 providem

189 2664 259 2712 tia
278 2672 438 2713 ratum
460 2671 508 2713 et
529 2663 880 2715 immutabilem
901 2681 1064 2715 rerum
1087 2665 1302 2714 ordinem
1321 2666 1593 2715 conservari
1606 2674 1785 2730 negant
1794 2665 1867 2731 [v.
