<?xml version="1.0" encoding="UTF-8"?>
<!DOCTYPE html PUBLIC "-//W3C//DTD XHTML 1.0 Transitional//EN"
    "http://www.w3.org/TR/xhtml1/DTD/xhtml1-transitional.dtd">
<html xmlns="http://www.w3.org/1999/xhtml" xml:lang="en" lang="en">
 <head>
  <title>
</title>
<meta http-equiv="Content-Type" content="text/html;charset=utf-8" />
  <meta name='ocr-system' content='tesseract 3.04.00' />
  <meta name='ocr-capabilities' content='ocr_page ocr_carea ocr_par ocr_line ocrx_word'/>
</head>
<body>
  <div class='ocr_page' id='page_1' title='image "./tlucretiicaride04carugoog_0233.png"; bbox 0 0 2084 3000; ppageno 0'>
   <div class='ocr_carea' id='block_1_1' title="bbox 802 218 1904 273">
    <p class='ocr_par' dir='ltr' id='par_1_1' title="bbox 802 218 1904 273">
     <span class='ocr_line' id='line_1_1' title="bbox 802 218 1904 273; baseline 0 -1"><span class='ocrx_word' id='word_1_1' title='bbox 802 218 1019 272; x_wconf 83' lang='lat' dir='ltr'>LIBER</span> <span class='ocrx_word' id='word_1_2' title='bbox 1054 218 1331 272; x_wconf 71' lang='lat' dir='ltr'><strong>SEXTUS.</strong></span> <span class='ocrx_word' id='word_1_3' title='bbox 1801 223 1904 273; x_wconf 84' lang='lat'>213</span> 
     </span>
    </p>
   </div>
   <div class='ocr_carea' id='block_1_2' title="bbox 213 316 1899 2708">
    <p class='ocr_par' dir='ltr' id='par_1_2' title="bbox 223 316 1724 455">
     <span class='ocr_line' id='line_1_2' title="bbox 294 316 1724 388; baseline -0.001 -17"><span class='ocrx_word' id='word_1_4' title='bbox 294 320 576 388; x_wconf 87' lang='lat' dir='ltr'>Multaque</span> <span class='ocrx_word' id='word_1_5' title='bbox 598 324 850 387; x_wconf 77' lang='lat' dir='ltr'>pr&#39;aeterea</span> <span class='ocrx_word' id='word_1_6' title='bbox 872 318 1183 387; x_wconf 74' lang='lat' dir='ltr'><strong>languentia</strong></span> <span class='ocrx_word' id='word_1_7' title='bbox 1204 316 1439 370; x_wconf 87' lang='lat' dir='ltr'>membra</span> <span class='ocrx_word' id='word_1_8' title='bbox 1461 332 1555 385; x_wconf 87' lang='lat' dir='ltr'>per</span> <span class='ocrx_word' id='word_1_9' title='bbox 1577 321 1724 370; x_wconf 82' lang='lat' dir='ltr'>artus</span> 
     </span>
     <span class='ocr_line' id='line_1_3' title="bbox 223 385 1659 455; baseline -0.002 -14"><span class='ocrx_word' id='word_1_10' title='bbox 223 387 460 454; x_wconf 76' lang='lat' dir='ltr'>solvunt,</span> <span class='ocrx_word' id='word_1_11' title='bbox 485 395 644 455; x_wconf 92' lang='lat' dir='ltr'>atque</span> <span class='ocrx_word' id='word_1_12' title='bbox 666 389 898 441; x_wconf 87' lang='lat' dir='ltr'>animam</span> <span class='ocrx_word' id='word_1_13' title='bbox 921 387 1245 440; x_wconf 88' lang='lat' dir='ltr'>labefactant</span> <span class='ocrx_word' id='word_1_14' title='bbox 1269 385 1476 437; x_wconf 87' lang='lat' dir='ltr'>sedibus</span> <span class='ocrx_word' id='word_1_15' title='bbox 1500 386 1659 439; x_wconf 67' lang='lat' dir='ltr'>intua</span> 
     </span>
    </p>

    <p class='ocr_par' dir='ltr' id='par_1_3' title="bbox 222 453 1899 658">
     <span class='ocr_line' id='line_1_4' title="bbox 291 453 1899 524; baseline -0.001 -18"><span class='ocrx_word' id='word_1_16' title='bbox 291 456 543 524; x_wconf 87' lang='lat' dir='ltr'>Denique,</span> <span class='ocrx_word' id='word_1_17' title='bbox 569 456 614 508; x_wconf 90' lang='lat' dir='ltr'>si</span> <span class='ocrx_word' id='word_1_18' title='bbox 637 456 820 508; x_wconf 78' lang='lat' dir='ltr'><strong>calidis</strong></span> <span class='ocrx_word' id='word_1_19' title='bbox 845 458 1007 509; x_wconf 90' lang='lat' dir='ltr'>etiam</span> <span class='ocrx_word' id='word_1_20' title='bbox 1032 461 1278 507; x_wconf 76' lang='lat' dir='ltr'>cunctere</span> <span class='ocrx_word' id='word_1_21' title='bbox 1301 453 1537 521; x_wconf 78' lang='lat' dir='ltr'><strong>lavacris,</strong></span> <span class='ocrx_word' id='word_1_22' title='bbox 1714 511 1719 518; x_wconf 90' lang='lat'><em>.</em></span> <span class='ocrx_word' id='word_1_23' title='bbox 1796 456 1899 506; x_wconf 81' lang='grc'>800</span> 
     </span>
     <span class='ocr_line' id='line_1_5' title="bbox 222 524 1371 590; baseline -0.001 -15"><span class='ocrx_word' id='word_1_24' title='bbox 222 524 446 590; x_wconf 82' lang='lat' dir='ltr'><strong>Plenior,</strong></span> <span class='ocrx_word' id='word_1_25' title='bbox 471 529 527 576; x_wconf 91' lang='lat' dir='ltr'>et</span> <span class='ocrx_word' id='word_1_26' title='bbox 548 524 727 577; x_wconf 86' lang='lat' dir='ltr'>flueris</span> <span class='ocrx_word' id='word_1_27' title='bbox 752 525 879 576; x_wconf 90' lang='lat' dir='ltr'>solio</span> <span class='ocrx_word' id='word_1_28' title='bbox 901 525 1156 576; x_wconf 79' lang='lat' dir='ltr'>ferventis</span> <span class='ocrx_word' id='word_1_29' title='bbox 1180 526 1371 590; x_wconf 79' lang='lat' dir='ltr'>aquai3</span> 
     </span>
     <span class='ocr_line' id='line_1_6' title="bbox 222 590 1556 658; baseline -0.001 -14"><span class='ocrx_word' id='word_1_30' title='bbox 222 592 396 653; x_wconf 86' lang='lat' dir='ltr'>Quam</span> <span class='ocrx_word' id='word_1_31' title='bbox 417 592 574 644; x_wconf 84' lang='lat' dir='ltr'>facile</span> <span class='ocrx_word' id='word_1_32' title='bbox 597 594 654 644; x_wconf 90' lang='lat' dir='ltr'>in</span> <span class='ocrx_word' id='word_1_33' title='bbox 677 593 849 644; x_wconf 91' lang='lat' dir='ltr'>medio</span> <span class='ocrx_word' id='word_1_34' title='bbox 872 592 935 644; x_wconf 91' lang='lat' dir='ltr'>fit</span> <span class='ocrx_word' id='word_1_35' title='bbox 958 592 1043 644; x_wconf 92' lang='lat' dir='ltr'>uti</span> <span class='ocrx_word' id='word_1_36' title='bbox 1068 592 1158 642; x_wconf 87' lang='lat' dir='ltr'>des</span> <span class='ocrx_word' id='word_1_37' title='bbox 1184 608 1321 658; x_wconf 82' lang='lat' dir='ltr'>saepe</span> <span class='ocrx_word' id='word_1_38' title='bbox 1342 590 1556 644; x_wconf 62' lang='lat' dir='ltr'>ruinas?</span> 
     </span>
    </p>

    <p class='ocr_par' dir='ltr' id='par_1_4' title="bbox 218 659 1852 864">
     <span class='ocr_line' id='line_1_7' title="bbox 289 659 1643 741; baseline -0.003 -28"><span class='ocrx_word' id='word_1_39' title='bbox 289 660 686 741; x_wconf 70' lang='lat' dir='ltr'>carbonumque</span> <span class='ocrx_word' id='word_1_40' title='bbox 709 661 884 727; x_wconf 80' lang='lat' dir='ltr'>gravis</span> <span class='ocrx_word' id='word_1_41' title='bbox 907 661 987 713; x_wconf 87' lang='lat' dir='ltr'>vis</span> <span class='ocrx_word' id='word_1_42' title='bbox 1011 666 1171 726; x_wconf 86' lang='lat' dir='ltr'>atque</span> <span class='ocrx_word' id='word_1_43' title='bbox 1195 659 1320 711; x_wconf 87' lang='lat' dir='ltr'>odor</span> <span class='ocrx_word' id='word_1_44' title='bbox 1342 659 1643 711; x_wconf 87' lang='lat' dir='ltr'>insinuatur</span> 
     </span>
     <span class='ocr_line' id='line_1_8' title="bbox 222 725 1852 795; baseline -0.001 -15"><span class='ocrx_word' id='word_1_45' title='bbox 222 727 397 788; x_wconf 89' lang='lat' dir='ltr'>Quam</span> <span class='ocrx_word' id='word_1_46' title='bbox 418 729 576 781; x_wconf 87' lang='lat' dir='ltr'>facile</span> <span class='ocrx_word' id='word_1_47' title='bbox 597 745 656 781; x_wconf 88' lang='lat' dir='ltr'>m</span> <span class='ocrx_word' id='word_1_48' title='bbox 679 728 961 795; x_wconf 88' lang='lat' dir='ltr'>cerebrum,</span> <span class='ocrx_word' id='word_1_49' title='bbox 985 728 1089 779; x_wconf 86' lang='lat' dir='ltr'>nisi</span> <span class='ocrx_word' id='word_1_50' title='bbox 1112 744 1304 795; x_wconf 89' lang='lat' dir='ltr'>aquam</span> <span class='ocrx_word' id='word_1_51' title='bbox 1327 728 1665 795; x_wconf 68' lang='lat' dir='ltr'>praecepimus</span> <span class='ocrx_word' id='word_1_52' title='bbox 1689 725 1852 779; x_wconf 70' lang='lat' dir='ltr'>antei</span> 
     </span>
     <span class='ocr_line' id='line_1_9' title="bbox 218 795 1680 864; baseline -0.002 -15"><span class='ocrx_word' id='word_1_53' title='bbox 218 796 295 849; x_wconf 84' lang='lat' dir='ltr'>At</span> <span class='ocrx_word' id='word_1_54' title='bbox 318 814 483 864; x_wconf 90' lang='lat' dir='ltr'>quum</span> <span class='ocrx_word' id='word_1_55' title='bbox 507 797 739 849; x_wconf 87' lang='lat' dir='ltr'>membra</span> <span class='ocrx_word' id='word_1_56' title='bbox 763 797 947 849; x_wconf 87' lang='lat' dir='ltr'>domus</span> <span class='ocrx_word' id='word_1_57' title='bbox 970 797 1204 864; x_wconf 75' lang='lat' dir='ltr'>percepit</span> <span class='ocrx_word' id='word_1_58' title='bbox 1227 795 1430 847; x_wconf 81' lang='lat' dir='ltr'>fervida</span> <span class='ocrx_word' id='word_1_59' title='bbox 1453 795 1625 847; x_wconf 82' lang='lat' dir='ltr'>nervis</span> <span class='ocrx_word' id='word_1_60' title='bbox 1643 802 1680 861; x_wconf 84' lang='lat'>¹¹,</span> 
     </span>
    </p>

    <p class='ocr_par' dir='ltr' id='par_1_5' title="bbox 222 863 1448 933">
     <span class='ocr_line' id='line_1_10' title="bbox 222 863 1448 933; baseline -0.001 -17"><span class='ocrx_word' id='word_1_61' title='bbox 222 865 360 917; x_wconf 74' lang='lat' dir='ltr'>&#39;l&#39;um</span> <span class='ocrx_word' id='word_1_62' title='bbox 382 865 446 916; x_wconf 90' lang='lat' dir='ltr'>fit</span> <span class='ocrx_word' id='word_1_63' title='bbox 469 865 595 917; x_wconf 88' lang='lat' dir='ltr'>odor</span> <span class='ocrx_word' id='word_1_64' title='bbox 618 866 729 918; x_wconf 81' lang='lat' dir='ltr'>vini</span> <span class='ocrx_word' id='word_1_65' title='bbox 753 865 922 933; x_wconf 88' lang='lat' dir='ltr'>plagae</span> <span class='ocrx_word' id='word_1_66' title='bbox 947 864 1243 916; x_wconf 88' lang='lat' dir='ltr'>mactabilis</span> <span class='ocrx_word' id='word_1_67' title='bbox 1266 863 1448 915; x_wconf 88' lang='lat' dir='ltr'>instar.</span> 
     </span>
    </p>

    <p class='ocr_par' dir='ltr' id='par_1_6' title="bbox 289 929 1700 1000">
     <span class='ocr_line' id='line_1_11' title="bbox 289 929 1700 1000; baseline -0.003 -14"><span class='ocrx_word' id='word_1_68' title='bbox 289 934 476 986; x_wconf 85' lang='lat' dir='ltr'>Nonne</span> <span class='ocrx_word' id='word_1_69' title='bbox 499 934 645 986; x_wconf 80' lang='lat' dir='ltr'>vides</span> <span class='ocrx_word' id='word_1_70' title='bbox 668 934 843 999; x_wconf 89' lang='lat' dir='ltr'>etiam,</span> <span class='ocrx_word' id='word_1_71' title='bbox 869 940 1009 985; x_wconf 85' lang='lat' dir='ltr'>terra</span> <span class='ocrx_word' id='word_1_72' title='bbox 1031 948 1237 1000; x_wconf 83' lang='lat' dir='ltr'>quoque</span> <span class='ocrx_word' id='word_1_73' title='bbox 1262 931 1483 999; x_wconf 83' lang='lat' dir='ltr'>sulphur</span> <span class='ocrx_word' id='word_1_74' title='bbox 1505 929 1563 981; x_wconf 92' lang='lat' dir='ltr'>in</span> <span class='ocrx_word' id='word_1_75' title='bbox 1586 929 1700 998; x_wconf 85' lang='lat' dir='ltr'>ipsa</span> 
     </span>
    </p>

    <p class='ocr_par' dir='ltr' id='par_1_7' title="bbox 218 998 1896 1338">
     <span class='ocr_line' id='line_1_12' title="bbox 221 998 1513 1069; baseline -0.003 -16"><span class='ocrx_word' id='word_1_76' title='bbox 221 1001 448 1069; x_wconf 83' lang='lat' dir='ltr'>Gignier‚</span> <span class='ocrx_word' id='word_1_77' title='bbox 473 1010 528 1055; x_wconf 88' lang='lat' dir='ltr'>et</span> <span class='ocrx_word' id='word_1_78' title='bbox 553 1009 689 1054; x_wconf 90' lang='lat' dir='ltr'>tetro</span> <span class='ocrx_word' id='word_1_79' title='bbox 713 1018 1038 1054; x_wconf 85' lang='lat' dir='ltr'>concrescere</span> <span class='ocrx_word' id='word_1_80' title='bbox 1062 1001 1216 1052; x_wconf 91' lang='lat' dir='ltr'>odore</span> <span class='ocrx_word' id='word_1_81' title='bbox 1239 998 1513 1051; x_wconf 71' lang='lat' dir='ltr'>bitumen?</span> 
     </span>
     <span class='ocr_line' id='line_1_13' title="bbox 221 1070 1579 1139; baseline -0.001 -18"><span class='ocrx_word' id='word_1_82' title='bbox 221 1070 477 1137; x_wconf 87' lang='lat' dir='ltr'>Denique,</span> <span class='ocrx_word' id='word_1_83' title='bbox 504 1071 594 1124; x_wconf 91' lang='lat' dir='ltr'>ubi</span> <span class='ocrx_word' id='word_1_84' title='bbox 617 1071 824 1139; x_wconf 79' lang='lat' dir='ltr'>argenti</span> <span class='ocrx_word' id='word_1_85' title='bbox 846 1088 1006 1124; x_wconf 82' lang='lat' dir='ltr'>venas</span> <span class='ocrx_word' id='word_1_86' title='bbox 1030 1070 1249 1136; x_wconf 80' lang='lat' dir='ltr'>aurique</span> <span class='ocrx_word' id='word_1_87' title='bbox 1273 1073 1579 1136; x_wconf 88' lang='lat' dir='ltr'>sequuntur,</span> 
     </span>
     <span class='ocr_line' id='line_1_14' title="bbox 218 1138 1896 1208; baseline -0.001 -18"><span class='ocrx_word' id='word_1_88' title='bbox 218 1138 396 1191; x_wconf 75' lang='lat' dir='ltr'>&#39;l&#39;erra&#39;i</span> <span class='ocrx_word' id='word_1_89' title='bbox 422 1140 632 1208; x_wconf 87' lang='lat' dir='ltr'>penitus</span> <span class='ocrx_word' id='word_1_90' title='bbox 656 1147 949 1192; x_wconf 79' lang='lat' dir='ltr'>scrutantes</span> <span class='ocrx_word' id='word_1_91' title='bbox 972 1138 1153 1191; x_wconf 84' lang='lat' dir='ltr'>abdita</span> <span class='ocrx_word' id='word_1_92' title='bbox 1175 1139 1340 1200; x_wconf 77' lang='lat' dir='ltr'>fen-03</span> <span class='ocrx_word' id='word_1_93' title='bbox 1793 1139 1896 1188; x_wconf 88' lang='grc'>810</span> 
     </span>
     <span class='ocr_line' id='line_1_15' title="bbox 221 1205 1460 1275; baseline 0.001 -18"><span class='ocrx_word' id='word_1_94' title='bbox 221 1206 412 1270; x_wconf 80' lang='lat' dir='ltr'>Quales</span> <span class='ocrx_word' id='word_1_95' title='bbox 436 1208 666 1275; x_wconf 84' lang='lat' dir='ltr'>exspiret</span> <span class='ocrx_word' id='word_1_96' title='bbox 689 1207 1023 1275; x_wconf 84' lang='lat' dir='ltr'>scaptensula</span> <span class='ocrx_word' id='word_1_97' title='bbox 1048 1205 1225 1258; x_wconf 86' lang='lat' dir='ltr'>subter</span> <span class='ocrx_word' id='word_1_98' title='bbox 1247 1205 1460 1258; x_wconf 62' lang='lat' dir='ltr'>odores?</span> 
     </span>
     <span class='ocr_line' id='line_1_16' title="bbox 220 1272 1503 1338; baseline -0.002 -12"><span class='ocrx_word' id='word_1_99' title='bbox 220 1274 423 1338; x_wconf 83' lang='lat' dir='ltr'>Quidve</span> <span class='ocrx_word' id='word_1_100' title='bbox 446 1276 572 1326; x_wconf 91' lang='lat' dir='ltr'>mali</span> <span class='ocrx_word' id='word_1_101' title='bbox 593 1275 657 1326; x_wconf 90' lang='lat' dir='ltr'>fit</span> <span class='ocrx_word' id='word_1_102' title='bbox 679 1281 742 1326; x_wconf 91' lang='lat' dir='ltr'>ut</span> <span class='ocrx_word' id='word_1_103' title='bbox 766 1275 1017 1327; x_wconf 82' lang='lat' dir='ltr'>exhalent</span> <span class='ocrx_word' id='word_1_104' title='bbox 1039 1279 1229 1325; x_wconf 83' lang='lat' dir='ltr'>aurata</span> <span class='ocrx_word' id='word_1_105' title='bbox 1251 1272 1503 1325; x_wconf 61' lang='lat' dir='ltr'>metalla?</span> 
     </span>
    </p>

    <p class='ocr_par' dir='ltr' id='par_1_8' title="bbox 219 1341 1664 1547">
     <span class='ocr_line' id='line_1_17' title="bbox 221 1341 1664 1408; baseline -0.001 -14"><span class='ocrx_word' id='word_1_106' title='bbox 221 1343 361 1405; x_wconf 85' lang='lat' dir='ltr'>Quas</span> <span class='ocrx_word' id='word_1_107' title='bbox 385 1343 657 1394; x_wconf 87' lang='lat' dir='ltr'>hominum</span> <span class='ocrx_word' id='word_1_108' title='bbox 679 1343 910 1395; x_wconf 89' lang='lat' dir='ltr'>reddunt</span> <span class='ocrx_word' id='word_1_109' title='bbox 932 1342 1107 1407; x_wconf 66' lang='lat' dir='ltr'>faciae,</span> <span class='ocrx_word' id='word_1_110' title='bbox 1134 1341 1416 1408; x_wconf 88' lang='lat' dir='ltr'>qualesque</span> <span class='ocrx_word' id='word_1_111' title='bbox 1439 1341 1664 1394; x_wconf 62' lang='lat' dir='ltr'>colores?</span> 
     </span>
     <span class='ocr_line' id='line_1_18' title="bbox 219 1410 1558 1478; baseline -0.001 -16"><span class='ocrx_word' id='word_1_112' title='bbox 219 1410 407 1462; x_wconf 88' lang='lat' dir='ltr'>Nonne</span> <span class='ocrx_word' id='word_1_113' title='bbox 431 1410 590 1476; x_wconf 79' lang='lat' dir='ltr'>vides,</span> <span class='ocrx_word' id='word_1_114' title='bbox 614 1411 845 1476; x_wconf 86' lang='lat' dir='ltr'>audisve,</span> <span class='ocrx_word' id='word_1_115' title='bbox 870 1410 1037 1478; x_wconf 86' lang='lat' dir='ltr'>perire</span> <span class='ocrx_word' id='word_1_116' title='bbox 1061 1410 1118 1461; x_wconf 89' lang='lat' dir='ltr'>in</span> <span class='ocrx_word' id='word_1_117' title='bbox 1143 1415 1374 1475; x_wconf 90' lang='lat' dir='ltr'>tempore</span> <span class='ocrx_word' id='word_1_118' title='bbox 1398 1426 1558 1477; x_wconf 86' lang='lat' dir='ltr'>parvo</span> 
     </span>
     <span class='ocr_line' id='line_1_19' title="bbox 220 1477 1428 1547; baseline -0.002 -15"><span class='ocrx_word' id='word_1_119' title='bbox 220 1478 395 1540; x_wconf 89' lang='lat' dir='ltr'>Quam</span> <span class='ocrx_word' id='word_1_120' title='bbox 420 1478 648 1542; x_wconf 80' lang='lat' dir='ltr'>soleant3</span> <span class='ocrx_word' id='word_1_121' title='bbox 684 1485 738 1532; x_wconf 91' lang='lat' dir='ltr'>et</span> <span class='ocrx_word' id='word_1_122' title='bbox 763 1496 923 1547; x_wconf 88' lang='lat' dir='ltr'>quam</span> <span class='ocrx_word' id='word_1_123' title='bbox 945 1479 1080 1533; x_wconf 81' lang='lat' dir='ltr'>vitai</span> <span class='ocrx_word' id='word_1_124' title='bbox 1104 1478 1255 1546; x_wconf 90' lang='lat' dir='ltr'>copia</span> <span class='ocrx_word' id='word_1_125' title='bbox 1279 1477 1428 1544; x_wconf 88' lang='lat' dir='ltr'>desit,</span> 
     </span>
    </p>

    <p class='ocr_par' dir='ltr' id='par_1_9' title="bbox 220 1545 1669 1685">
     <span class='ocr_line' id='line_1_20' title="bbox 222 1545 1669 1629; baseline -0.001 -30"><span class='ocrx_word' id='word_1_126' title='bbox 222 1548 360 1611; x_wconf 85' lang='lat' dir='ltr'>Quos</span> <span class='ocrx_word' id='word_1_127' title='bbox 384 1565 537 1629; x_wconf 79' lang='lat' dir='ltr'>opere</span> <span class='ocrx_word' id='word_1_128' title='bbox 559 1548 616 1600; x_wconf 89' lang='lat' dir='ltr'>in</span> <span class='ocrx_word' id='word_1_129' title='bbox 641 1549 738 1600; x_wconf 91' lang='lat' dir='ltr'>tali</span> <span class='ocrx_word' id='word_1_130' title='bbox 762 1547 969 1601; x_wconf 88' lang='lat' dir='ltr'>cohibet</span> <span class='ocrx_word' id='word_1_131' title='bbox 992 1548 1072 1601; x_wconf 83' lang='lat' dir='ltr'>vis</span> <span class='ocrx_word' id='word_1_132' title='bbox 1095 1563 1301 1614; x_wconf 84' lang='lat' dir='ltr'>magna,</span> <span class='ocrx_word' id='word_1_133' title='bbox 1328 1562 1534 1598; x_wconf 83' lang='lat' dir='ltr'>necesse</span> <span class='ocrx_word' id='word_1_134' title='bbox 1556 1545 1669 1601; x_wconf 73' lang='lat' dir='ltr'>est?</span> 
     </span>
     <span class='ocr_line' id='line_1_21' title="bbox 220 1616 1386 1685; baseline -0.003 -16"><span class='ocrx_word' id='word_1_135' title='bbox 220 1617 332 1669; x_wconf 92' lang='lat' dir='ltr'>Hos</span> <span class='ocrx_word' id='word_1_136' title='bbox 356 1618 523 1685; x_wconf 76' lang='lat' dir='ltr'>igitur</span> <span class='ocrx_word' id='word_1_137' title='bbox 545 1616 702 1669; x_wconf 86' lang='lat' dir='ltr'>tellus</span> <span class='ocrx_word' id='word_1_138' title='bbox 726 1633 903 1668; x_wconf 88' lang='lat' dir='ltr'>omnes</span> <span class='ocrx_word' id='word_1_139' title='bbox 926 1620 1188 1668; x_wconf 87' lang='lat' dir='ltr'>exaestuat</span> <span class='ocrx_word' id='word_1_140' title='bbox 1213 1621 1386 1681; x_wconf 87' lang='lat' dir='ltr'>aestus,</span> 
     </span>
    </p>

    <p class='ocr_par' dir='ltr' id='par_1_10' title="bbox 219 1681 1538 1754">
     <span class='ocr_line' id='line_1_22' title="bbox 219 1681 1538 1754; baseline -0.003 -16"><span class='ocrx_word' id='word_1_141' title='bbox 219 1684 444 1754; x_wconf 85' lang='lat' dir='ltr'>Exspira</span> <span class='ocrx_word' id='word_1_142' title='bbox 504 1701 572 1737; x_wconf 91' lang='lat' dir='ltr'>ue</span> <span class='ocrx_word' id='word_1_143' title='bbox 593 1684 731 1737; x_wconf 80' lang='lat' dir='ltr'>foras</span> <span class='ocrx_word' id='word_1_144' title='bbox 753 1685 812 1736; x_wconf 92' lang='lat' dir='ltr'>in</span> <span class='ocrx_word' id='word_1_145' title='bbox 835 1702 866 1737; x_wconf 98' lang='lat' dir='ltr'>a</span> <span class='ocrx_word' id='word_1_146' title='bbox 1040 1687 1383 1752; x_wconf 85' lang='lat' dir='ltr'>promptaque</span> <span class='ocrx_word' id='word_1_147' title='bbox 1407 1681 1538 1734; x_wconf 81' lang='lat' dir='ltr'>coeli.</span> 
     </span>
    </p>

    <p class='ocr_par' dir='ltr' id='par_1_11' title="bbox 219 1749 1894 1958">
     <span class='ocr_line' id='line_1_23' title="bbox 288 1749 1634 1806; baseline -0.004 0"><span class='ocrx_word' id='word_1_148' title='bbox 288 1753 373 1806; x_wconf 83' lang='lat' dir='ltr'>Sic</span> <span class='ocrx_word' id='word_1_149' title='bbox 397 1760 451 1806; x_wconf 92' lang='lat' dir='ltr'>et</span> <span class='ocrx_word' id='word_1_150' title='bbox 525 1769 683 1805; x_wconf 87' lang='lat' dir='ltr'>verna</span> <span class='ocrx_word' id='word_1_151' title='bbox 704 1752 820 1806; x_wconf 84' lang='lat' dir='ltr'>loca</span> <span class='ocrx_word' id='word_1_152' title='bbox 841 1770 875 1805; x_wconf 85' lang='lat' dir='ltr'>a</span> <span class='ocrx_word' id='word_1_153' title='bbox 900 1752 1060 1805; x_wconf 82' lang='lat' dir='ltr'>’tibus</span> <span class='ocrx_word' id='word_1_154' title='bbox 1084 1751 1390 1804; x_wconf 85' lang='lat' dir='ltr'>submittere</span> <span class='ocrx_word' id='word_1_155' title='bbox 1413 1749 1605 1802; x_wconf 90' lang='lat' dir='ltr'>debent</span> <span class='ocrx_word' id='word_1_156' title='bbox 1628 1774 1634 1781; x_wconf 93' lang='lat'><strong>·</strong></span> 
     </span>
     <span class='ocr_line' id='line_1_24' title="bbox 219 1820 1894 1888; baseline -0.003 -14"><span class='ocrx_word' id='word_1_157' title='bbox 219 1822 546 1875; x_wconf 88' lang='lat' dir='ltr'>Mortiferam</span> <span class='ocrx_word' id='word_1_158' title='bbox 568 1821 691 1888; x_wconf 81' lang='lat' dir='ltr'>vim,</span> <span class='ocrx_word' id='word_1_159' title='bbox 716 1822 782 1874; x_wconf 88' lang='lat' dir='ltr'>de</span> <span class='ocrx_word' id='word_1_160' title='bbox 804 1827 945 1874; x_wconf 86' lang='lat' dir='ltr'>terra</span> <span class='ocrx_word' id='word_1_161' title='bbox 1001 1838 1085 1872; x_wconf 80' lang='lat' dir='ltr'>uae</span> <span class='ocrx_word' id='word_1_162' title='bbox 1109 1820 1277 1887; x_wconf 83' lang='lat' dir='ltr'>surgit</span> <span class='ocrx_word' id='word_1_163' title='bbox 1298 1820 1357 1871; x_wconf 88' lang='lat' dir='ltr'>in</span> <span class='ocrx_word' id='word_1_164' title='bbox 1379 1835 1548 1885; x_wconf 85' lang='lat' dir='ltr'>auras,</span> <span class='ocrx_word' id='word_1_165' title='bbox 1792 1820 1894 1869; x_wconf 82' lang='lat'>820</span> 
     </span>
     <span class='ocr_line' id='line_1_25' title="bbox 219 1838 1479 1958; baseline -0.002 -15"><span class='ocrx_word' id='word_1_166' title='bbox 219 1890 295 1943; x_wconf 91' lang='lat' dir='ltr'>Ut</span> <span class='ocrx_word' id='word_1_167' title='bbox 318 1891 550 1958; x_wconf 88' lang='lat' dir='ltr'>spatium</span> <span class='ocrx_word' id='word_1_168' title='bbox 573 1891 692 1942; x_wconf 81' lang='lat' dir='ltr'>coeli</span> <span class='ocrx_word' id='word_1_169' title='bbox 716 1890 944 1958; x_wconf 84' lang='lat' dir='ltr'>quadam</span> <span class='ocrx_word' id='word_1_170' title='bbox 966 1838 1034 1941; x_wconf 58' lang='lat' dir='ltr'>ge</span> <span class='ocrx_word' id='word_1_171' title='bbox 1229 1892 1479 1941; x_wconf 82' lang='lat' dir='ltr'>venenet:</span> 
     </span>
    </p>

    <p class='ocr_par' dir='ltr' id='par_1_12' title="bbox 220 1955 1505 2039">
     <span class='ocr_line' id='line_1_26' title="bbox 220 1955 1505 2039; baseline -0.001 -29"><span class='ocrx_word' id='word_1_172' title='bbox 220 1959 333 2022; x_wconf 88' lang='lat' dir='ltr'>Quo</span> <span class='ocrx_word' id='word_1_173' title='bbox 357 1959 515 2011; x_wconf 86' lang='lat' dir='ltr'>simul</span> <span class='ocrx_word' id='word_1_174' title='bbox 537 1976 599 2011; x_wconf 87' lang='lat' dir='ltr'>ac</span> <span class='ocrx_word' id='word_1_175' title='bbox 622 1960 853 2039; x_wconf 89' lang='lat' dir='ltr'>primum</span> <span class='ocrx_word' id='word_1_176' title='bbox 876 1958 1063 2028; x_wconf 87' lang='lat' dir='ltr'>pennis</span> <span class='ocrx_word' id='word_1_177' title='bbox 1087 1957 1266 2010; x_wconf 86' lang='lat' dir='ltr'>delata</span> <span class='ocrx_word' id='word_1_178' title='bbox 1289 1956 1358 2008; x_wconf 88' lang='lat' dir='ltr'>sit</span> <span class='ocrx_word' id='word_1_179' title='bbox 1380 1955 1505 2024; x_wconf 85' lang='lat' dir='ltr'>ales,</span> 
     </span>
    </p>

    <p class='ocr_par' dir='ltr' id='par_1_13' title="bbox 219 2026 1302 2095">
     <span class='ocr_line' id='line_1_27' title="bbox 219 2026 1302 2095; baseline -0.001 -17"><span class='ocrx_word' id='word_1_180' title='bbox 219 2027 547 2094; x_wconf 89' lang='lat' dir='ltr'>Impediatur</span> <span class='ocrx_word' id='word_1_181' title='bbox 569 2026 643 2079; x_wconf 84' lang='lat' dir='ltr'>ib1</span> <span class='ocrx_word' id='word_1_182' title='bbox 666 2044 802 2080; x_wconf 84' lang='lat' dir='ltr'>caeco</span> <span class='ocrx_word' id='word_1_183' title='bbox 826 2031 1064 2095; x_wconf 88' lang='lat' dir='ltr'>correpta</span> <span class='ocrx_word' id='word_1_184' title='bbox 1087 2042 1302 2092; x_wconf 82' lang='lat' dir='ltr'>veneno,</span> 
     </span>
    </p>

    <p class='ocr_par' dir='ltr' id='par_1_14' title="bbox 218 2094 1438 2163">
     <span class='ocr_line' id='line_1_28' title="bbox 218 2094 1438 2163; baseline 0 -17"><span class='ocrx_word' id='word_1_185' title='bbox 218 2094 293 2146; x_wconf 90' lang='lat' dir='ltr'>Ut</span> <span class='ocrx_word' id='word_1_186' title='bbox 317 2095 473 2148; x_wconf 88' lang='lat' dir='ltr'>cadat</span> <span class='ocrx_word' id='word_1_187' title='bbox 496 2111 526 2146; x_wconf 93' lang='lat' dir='ltr'>e</span> <span class='ocrx_word' id='word_1_188' title='bbox 546 2096 757 2163; x_wconf 81' lang='lat' dir='ltr'>regione</span> <span class='ocrx_word' id='word_1_189' title='bbox 780 2095 896 2162; x_wconf 90' lang='lat' dir='ltr'>loci,</span> <span class='ocrx_word' id='word_1_190' title='bbox 920 2112 1027 2163; x_wconf 84' lang='lat' dir='ltr'>qua</span> <span class='ocrx_word' id='word_1_191' title='bbox 1050 2095 1232 2161; x_wconf 83' lang='lat' dir='ltr'>dirigit</span> <span class='ocrx_word' id='word_1_192' title='bbox 1255 2098 1438 2146; x_wconf 73' lang='lat' dir='ltr'>aestus:</span> 
     </span>
    </p>

    <p class='ocr_par' dir='ltr' id='par_1_15' title="bbox 218 2161 1549 2231">
     <span class='ocr_line' id='line_1_29' title="bbox 218 2161 1549 2231; baseline -0.001 -17"><span class='ocrx_word' id='word_1_193' title='bbox 218 2163 332 2226; x_wconf 88' lang='lat' dir='ltr'>Quo</span> <span class='ocrx_word' id='word_1_194' title='bbox 355 2180 520 2231; x_wconf 90' lang='lat' dir='ltr'>quum</span> <span class='ocrx_word' id='word_1_195' title='bbox 543 2164 737 2216; x_wconf 87' lang='lat' dir='ltr'>corruit</span> <span class='ocrx_word' id='word_1_196' title='bbox 760 2164 873 2215; x_wconf 76' lang='lat' dir='ltr'>haec</span> <span class='ocrx_word' id='word_1_197' title='bbox 897 2164 1081 2216; x_wconf 83' lang='lat' dir='ltr'>eadem</span> <span class='ocrx_word' id='word_1_198' title='bbox 1105 2163 1184 2215; x_wconf 84' lang='lat' dir='ltr'>vis</span> <span class='ocrx_word' id='word_1_199' title='bbox 1208 2161 1352 2214; x_wconf 86' lang='lat' dir='ltr'>illius</span> <span class='ocrx_word' id='word_1_200' title='bbox 1377 2166 1549 2229; x_wconf 62' lang='lat' dir='ltr'>aestus,</span> 
     </span>
    </p>

    <p class='ocr_par' dir='ltr' id='par_1_16' title="bbox 217 2229 1470 2300">
     <span class='ocr_line' id='line_1_30' title="bbox 217 2229 1470 2300; baseline -0.002 -16"><span class='ocrx_word' id='word_1_201' title='bbox 217 2230 488 2300; x_wconf 86' lang='lat' dir='ltr'>Reliquias</span> <span class='ocrx_word' id='word_1_202' title='bbox 513 2232 637 2284; x_wconf 80' lang='lat' dir='ltr'>vitae</span> <span class='ocrx_word' id='word_1_203' title='bbox 660 2231 904 2284; x_wconf 86' lang='lat' dir='ltr'>membris</span> <span class='ocrx_word' id='word_1_204' title='bbox 927 2248 995 2284; x_wconf 87' lang='lat' dir='ltr'>ex</span> <span class='ocrx_word' id='word_1_205' title='bbox 1018 2229 1261 2282; x_wconf 87' lang='lat' dir='ltr'>omnibus</span> <span class='ocrx_word' id='word_1_206' title='bbox 1282 2231 1470 2282; x_wconf 87' lang='lat' dir='ltr'>aufert.</span> 
     </span>
    </p>

    <p class='ocr_par' dir='ltr' id='par_1_17' title="bbox 216 2294 1759 2448">
     <span class='ocr_line' id='line_1_31' title="bbox 217 2294 1759 2379; baseline -0.001 -28"><span class='ocrx_word' id='word_1_207' title='bbox 217 2299 429 2367; x_wconf 86' lang='lat' dir='ltr'>Quippe</span> <span class='ocrx_word' id='word_1_208' title='bbox 452 2300 649 2351; x_wconf 88' lang='lat' dir='ltr'>etenim</span> <span class='ocrx_word' id='word_1_209' title='bbox 671 2300 839 2379; x_wconf 89' lang='lat' dir='ltr'>primo</span> <span class='ocrx_word' id='word_1_210' title='bbox 864 2299 1013 2367; x_wconf 87' lang='lat' dir='ltr'>quasi</span> <span class='ocrx_word' id='word_1_211' title='bbox 1035 2294 1297 2367; x_wconf 82' lang='lat' dir='ltr'>quendam</span> <span class='ocrx_word' id='word_1_212' title='bbox 1320 2298 1523 2350; x_wconf 85' lang='lat' dir='ltr'>conciet</span> <span class='ocrx_word' id='word_1_213' title='bbox 1546 2300 1759 2350; x_wconf 82' lang='lat' dir='ltr'>aestum:</span> 
     </span>
     <span class='ocr_line' id='line_1_32' title="bbox 216 2365 1481 2448; baseline -0.002 -28"><span class='ocrx_word' id='word_1_214' title='bbox 216 2368 483 2420; x_wconf 87' lang='lat' dir='ltr'>Posterius</span> <span class='ocrx_word' id='word_1_215' title='bbox 507 2367 584 2433; x_wconf 83' lang='lat' dir='ltr'>fit,</span> <span class='ocrx_word' id='word_1_216' title='bbox 608 2372 693 2419; x_wconf 79' lang='lat' dir='ltr'>uti</span> <span class='ocrx_word' id='word_1_217' title='bbox 717 2384 880 2448; x_wconf 83' lang='lat' dir='ltr'>quum</span> <span class='ocrx_word' id='word_1_218' title='bbox 897 2369 1012 2435; x_wconf 86' lang='lat' dir='ltr'>jam</span> <span class='ocrx_word' id='word_1_219' title='bbox 1035 2367 1268 2419; x_wconf 88' lang='lat' dir='ltr'>cecidere</span> <span class='ocrx_word' id='word_1_220' title='bbox 1291 2365 1481 2421; x_wconf 77' lang='lat' dir='ltr'>veneni</span> 
     </span>
    </p>

    <p class='ocr_par' dir='ltr' id='par_1_18' title="bbox 215 2433 1505 2503">
     <span class='ocr_line' id='line_1_33' title="bbox 215 2433 1505 2503; baseline -0.002 -16"><span class='ocrx_word' id='word_1_221' title='bbox 215 2436 283 2488; x_wconf 90' lang='lat' dir='ltr'>In</span> <span class='ocrx_word' id='word_1_222' title='bbox 306 2436 478 2487; x_wconf 88' lang='lat' dir='ltr'>fontes</span> <span class='ocrx_word' id='word_1_223' title='bbox 501 2435 653 2503; x_wconf 88' lang='lat' dir='ltr'>ipsos,</span> <span class='ocrx_word' id='word_1_224' title='bbox 677 2434 752 2487; x_wconf 82' lang='lat' dir='ltr'>ibi</span> <span class='ocrx_word' id='word_1_225' title='bbox 775 2436 845 2488; x_wconf 89' lang='lat' dir='ltr'>sit</span> <span class='ocrx_word' id='word_1_226' title='bbox 868 2453 970 2503; x_wconf 91' lang='lat' dir='ltr'>quo</span> <span class='ocrx_word' id='word_1_227' title='bbox 1004 2451 1074 2488; x_wconf 91' lang='lat' dir='ltr'>ue</span> <span class='ocrx_word' id='word_1_228' title='bbox 1096 2435 1210 2488; x_wconf 81' lang='lat' dir='ltr'>vita</span> <span class='ocrx_word' id='word_1_229' title='bbox 1231 2433 1505 2501; x_wconf 75' lang='lat' dir='ltr'>vomentia,</span> 
     </span>
    </p>

    <p class='ocr_par' dir='ltr' id='par_1_19' title="bbox 214 2502 1894 2572">
     <span class='ocr_line' id='line_1_34' title="bbox 214 2502 1894 2572; baseline -0.001 -16"><span class='ocrx_word' id='word_1_230' title='bbox 214 2503 500 2572; x_wconf 84' lang='lat' dir='ltr'>Propterea</span> <span class='ocrx_word' id='word_1_231' title='bbox 523 2503 660 2571; x_wconf 90' lang='lat' dir='ltr'>quod</span> <span class='ocrx_word' id='word_1_232' title='bbox 683 2520 877 2571; x_wconf 87' lang='lat' dir='ltr'>magna</span> <span class='ocrx_word' id='word_1_233' title='bbox 899 2520 953 2555; x_wconf 89' lang='lat' dir='ltr'>m</span> <span class='ocrx_word' id='word_1_234' title='bbox 1011 2504 1023 2516; x_wconf 82' lang='lat'><em>⁰</em></span> <span class='ocrx_word' id='word_1_235' title='bbox 1052 2503 1121 2557; x_wconf 85' lang='lat' dir='ltr'>sit</span> <span class='ocrx_word' id='word_1_236' title='bbox 1145 2502 1295 2572; x_wconf 90' lang='lat' dir='ltr'>copia</span> <span class='ocrx_word' id='word_1_237' title='bbox 1318 2502 1530 2555; x_wconf 90' lang='lat' dir='ltr'>circum.</span> <span class='ocrx_word' id='word_1_238' title='bbox 1790 2502 1894 2555; x_wconf 78' lang='lat'>830</span> 
     </span>
    </p>

    <p class='ocr_par' dir='ltr' id='par_1_20' title="bbox 213 2569 1818 2708">
     <span class='ocr_line' id='line_1_35' title="bbox 273 2569 1766 2640; baseline -0.001 -16"><span class='ocrx_word' id='word_1_239' title='bbox 273 2572 365 2624; x_wconf 86' lang='lat' dir='ltr'>Fit</span> <span class='ocrx_word' id='word_1_240' title='bbox 383 2587 604 2639; x_wconf 91' lang='lat' dir='ltr'>quoque,</span> <span class='ocrx_word' id='word_1_241' title='bbox 620 2574 682 2623; x_wconf 90' lang='lat' dir='ltr'>ut</span> <span class='ocrx_word' id='word_1_242' title='bbox 699 2572 968 2624; x_wconf 88' lang='lat' dir='ltr'>interdum</span> <span class='ocrx_word' id='word_1_243' title='bbox 985 2571 1066 2624; x_wconf 84' lang='lat' dir='ltr'>vis</span> <span class='ocrx_word' id='word_1_244' title='bbox 1089 2572 1202 2624; x_wconf 83' lang='lat' dir='ltr'>haec</span> <span class='ocrx_word' id='word_1_245' title='bbox 1221 2577 1381 2640; x_wconf 91' lang='lat' dir='ltr'>atque</span> <span class='ocrx_word' id='word_1_246' title='bbox 1398 2575 1560 2622; x_wconf 80' lang='lat' dir='ltr'>aestus</span> <span class='ocrx_word' id='word_1_247' title='bbox 1569 2569 1766 2624; x_wconf 76' lang='lat' dir='ltr'>Averni</span> 
     </span>
     <span class='ocr_line' id='line_1_36' title="bbox 213 2638 1818 2708; baseline -0.001 -14"><span class='ocrx_word' id='word_1_248' title='bbox 213 2640 372 2708; x_wconf 64' lang='lat' dir='ltr'>Aera,</span> <span class='ocrx_word' id='word_1_249' title='bbox 397 2639 492 2708; x_wconf 89' lang='lat' dir='ltr'>qui</span> <span class='ocrx_word' id='word_1_250' title='bbox 513 2639 655 2693; x_wconf 84' lang='lat' dir='ltr'>inter</span> <span class='ocrx_word' id='word_1_251' title='bbox 677 2656 800 2694; x_wconf 83' lang='lat' dir='ltr'>aves</span> <span class='ocrx_word' id='word_1_252' title='bbox 825 2656 1051 2707; x_wconf 88' lang='lat' dir='ltr'>cumque</span> <span class='ocrx_word' id='word_1_253' title='bbox 1073 2645 1154 2694; x_wconf 88' lang='lat' dir='ltr'>est</span> <span class='ocrx_word' id='word_1_254' title='bbox 1176 2646 1477 2708; x_wconf 85' lang='lat' dir='ltr'>terramque</span> <span class='ocrx_word' id='word_1_255' title='bbox 1499 2638 1719 2707; x_wconf 79' lang='lat' dir='ltr'>locatus,</span> <span class='ocrx_word' id='word_1_256' title='bbox 1811 2660 1818 2667; x_wconf 92' lang='lat'><strong>·</strong></span> 
     </span>
    </p>
   </div>
   <div class='ocr_carea' id='block_1_3' title="bbox 897 2725 1219 2775">
    <p class='ocr_par' dir='ltr' id='par_1_21' title="bbox 897 2725 1219 2775">
     <span class='ocr_line' id='line_1_37' title="bbox 897 2725 1219 2775; baseline 0.003 -10"><span class='ocrx_word' id='word_1_257' title='bbox 897 2728 917 2748; x_wconf 81' lang='lat'><strong>¹</strong></span> <span class='ocrx_word' id='word_1_258' title='bbox 946 2726 1096 2775; x_wconf 62' lang='lat' dir='ltr'>servin</span> <span class='ocrx_word' id='word_1_259' title='bbox 1125 2725 1219 2766; x_wconf 77' lang='grc' dir='ltr'>ΜΒ.</span> 
     </span>
    </p>
   </div>
  </div>
 </body>
</html>
