2084 3000
233 209 334 260 178
850 207 908 263 ¹1⁸.
945 207 1279 261 LUGRETH

227 310 442 366 AEstuat
464 312 522 367 in
544 328 714 367 ramos
736 311 1043 365 incumbens
1066 311 1264 366 arboris
1285 312 1452 382 arbor,

227 379 560 450 Exprimitur
582 381 770 435 validis
793 381 1020 433 extritus
1043 381 1243 434 viribus
1265 382 1430 450 ignis:

226 447 436 504 Emicat
458 450 725 504 interdum
746 449 980 503 flammai
1003 450 1238 503 fervidus
1259 451 1428 518 ardor,

226 516 421 572 Mutua
444 519 573 571 dum
595 518 735 571 inter
757 535 812 571 se
834 518 970 571 rami
992 518 1283 588 stirpesque
1305 524 1580 583 teruntur:

227 586 463 652 Quorum
486 593 770 655 utrumque
794 587 995 640 dedisse
1017 592 1192 655 potest
1213 587 1524 641 mortalibus
1546 589 1738 657 ignem.
1767 592 1913 643 1100

297 655 428 710 Inde
451 656 627 709 cibum
649 672 868 725 coquere
891 672 954 709 ac
975 655 1202 709 flammae
1224 656 1429 710 mollire
1450 674 1642 726 vapore

224 723 311 778 801
337 725 548 791 docuit3
574 725 819 795 quoniam
840 724 1112 778 mitescere
1134 724 1308 778 multa
1329 726 1580 779 videbant

226 791 538 848 Verberibus
561 794 842 862 radiorum,
865 798 1023 862 atque
1047 798 1181 846 aestu
1205 794 1349 848 victa
1372 812 1466 875 per
1488 811 1652 863 agros.

225 860 393 932 Inque
416 864 526 917 dies
547 863 717 932 magis
739 863 998 916 invictum
1022 861 1294 930 vitamque
1317 880 1546 932 priorem

223 930 556 986 Commutare
578 932 727 986 novis
746 930 1112 985 monstrabant
1134 930 1289 984 rebus
1312 937 1367 984 et
1389 932 1518 1000 igni,

224 998 445 1068 Ingenio
468 1001 562 1070 qui
585 999 919 1071 praestabant,
943 1005 999 1052 et
1021 999 1175 1052 corde
1198 1000 1464 1068 vigebant.

292 1069 523 1122 Condere
547 1074 818 1137 coepertmt
840 1067 1009 1136 urbes,
1032 1084 1309 1137 arcemque
1330 1069 1501 1124 locare

222 1134 534 1190 Praesidium
555 1153 703 1205 reges
725 1136 830 1206 ipsi
852 1136 951 1189 sibi
975 1137 1406 1206 perfugiumque:

222 1205 293 1258 Et
316 1206 538 1276 pecudes
561 1211 617 1260 et
638 1221 790 1274 agros
814 1205 1053 1273 divisere,
1075 1211 1236 1274 atque
1259 1206 1447 1260 dedere

222 1273 323 1328 Pro
345 1274 482 1329 facie
504 1276 655 1344 cujus
690 1292 757 1328 ue
780 1280 835 1328 et
857 1273 1055 1328 viribus
1077 1274 1406 1344 ingenioque.
1759 1278 1902 1330 1110

221 1343 273 1396 N
272 1361 361 1397 am
381 1344 543 1398 facies
564 1292 795 1397 muiltum
817 1343 1003 1410 valuit,
1027 1343 1268 1412 viresque
1290 1344 1570 1413 vigebant:

220 1410 488 1467 Posterius
508 1430 591 1467 res
612 1414 831 1466 inventa
852 1417 948 1480 est,
970 1428 1263 1482 aurumque
1285 1420 1566 1482 repertum,

220 1480 377 1544 Quod
398 1481 555 1537 facile
577 1489 633 1537 et
654 1481 845 1537 validis
867 1484 922 1535 et
981 1480 1182 1535 ulchris
1204 1481 1431 1552 dempsit
1453 1482 1717 1537 honorem.

218 1550 491 1606 Divitioris
514 1552 656 1605 enim
677 1555 876 1605 sectam
897 1567 935 1619 p
955 1567 1207 1619 erumque
1230 1558 1524 1619 sequuntur

220 1621 522 1687 Quamlibet
544 1627 600 1674 et
620 1621 796 1688 fortes,
818 1625 875 1672 et
897 1619 1117 1688 pulchro
1140 1635 1351 1688 corpore
1374 1621 1518 1675 creti.

288 1690 438 1756 Quod
461 1691 507 1743 si
529 1690 646 1759 quis
669 1707 793 1744 vera
814 1688 981 1742 vitam
1002 1688 1207 1742 ratione
1228 1687 1497 1757 gubernet,

216 1757 432 1812 Divitiae
455 1759 679 1827 grandes
702 1757 904 1811 homini
927 1763 1067 1825 sunt,
1090 1757 1265 1811 vivere
1286 1775 1442 1826 parce

220 1827 388 1896 AEquo
411 1828 614 1892 anim03
648 1843 819 1895 neque
841 1826 983 1883 enim
1006 1831 1088 1880 est
1109 1842 1346 1894 unquam
1368 1826 1589 1896 penuria
1611 1827 1777 1897 parvi.

213 1896 290 1949 At
312 1896 477 1949 claros
499 1895 734 1948 homines
757 1894 1035 1948 voluerunt
1059 1912 1114 1948 se
1136 1900 1297 1963 atque
1320 1902 1574 1964 potentes,

217 1963 291 2018 Ut
312 1964 657 2017 fundamento
680 1961 857 2016 stabili
878 1962 1095 2016 fortuna
1116 1970 1367 2031 maneret,
1750 1969 1890 2023 1120

214 2032 287 2086 Et
309 2032 574 2101 placidam
596 2036 806 2100 possent
829 2031 1069 2100 opulenti
1091 2031 1277 2101 degere
1298 2033 1495 2097 vitamf

211 2100 612 2169 Nequidquam:
649 2099 897 2167 quoniam
919 2099 988 2152 ad
1012 2118 1275 2154 summum
1299 2102 1572 2155 succedere
1594 2101 1844 2156 honorem

215 2169 501 2237 certantes,
525 2169 629 2223 iter
650 2169 901 2221 infestum
923 2168 1093 2222 fecere
1115 2170 1240 2223 viai.

213 2239 285 2292 Et
308 2245 487 2292 tamen
509 2256 539 2291 e
563 2254 765 2292 summo
790 2236 942 2305 quasi
963 2237 1167 2290 fulmen
1191 2237 1373 2306 dejicit
1394 2239 1542 2292 ictos'

216 2308 425 2361 Invidia
447 2307 716 2361 interdum
735 2306 1084 2374 contemptim
1106 2306 1164 2358 in
1187 2307 1406 2362 Tartara
1428 2316 1595 2363 tetra:

217 2377 289 2429 Ut
312 2377 478 2430 satius
500 2376 669 2428 multo
685 2376 800 2443 jam
821 2376 893 2427 sit
916 2391 1098 2442 parere
1121 2375 1374 2443 quietum,

213 2445 382 2508 Quam
405 2461 585 2512 regere
606 2442 824 2511 imperio
846 2459 928 2494 res
951 2442 1102 2509 velle,
1126 2449 1181 2495 et
1202 2461 1366 2511 regna
1388 2443 1604 2498 tener-0¹.

212 2511 437 2564 Proinde
460 2513 588 2579 sine,
612 2512 874 2564 incassum
898 2510 1099 2577 defessi,
1125 2512 1380 2578 sanguine
1403 2514 1595 2567 sudent

210 2579 511 2647 Angustum
534 2597 628 2650 per
649 2579 752 2632 iter
773 2577 1038 2630 luctantes
1061 2577 1387 2636 ambitionis:

868 2725 884 2759 ι
908 2733 1081 2771 vocare:
1106 2723 1200 2764 Ma.
