2084 3000
209 196 309 245 162
832 192 890 245 Τ.
925 190 1263 244 ΙιΠΟΒΕΤΙΙ

209 291 360 357 Quod
381 292 554 345 facere
576 290 722 346 haud
745 291 858 345 ulla
881 296 1054 360 posset
1078 292 1297 360 ratione,
1322 292 1427 345 nisi
1451 297 1589 347 esset

207 362 457 415 Partibus
481 361 639 418 aeriis
662 361 850 412 mundi
874 361 1107 429 coeloque
1130 362 1393 414 revincta:

207 431 348 484 Nam
371 429 731 482 communibus
754 429 894 481 inter
917 446 972 481 se
994 429 1261 482 radicibus
1284 430 1503 497 haerent,

209 500 294 552 Ex
318 500 537 550 ineunte
561 514 672 550 ωηο
695 499 992 578 conjuncta,
1017 503 1179 565 atque
1204 499 1378 551 uniter
1400 504 1571 552 aucta.

279 568 468 621 Nonne
492 566 637 620 vides
661 566 836 633 etiam,
861 581 1019 634 quam
1042 583 1236 634 magno
1260 568 1488 634 pondere
1510 567 1660 620 nobis

209 636 480 690 Sustineat
504 652 691 703 corpus
714 635 1022 687 tenuissima
1045 635 1126 688 vis
1149 635 1379 699 anima'i3

211 705 510 787 Propterea
519 704 645 772 quia
667 709 779 757 tam
803 706 1098 785 conjuncta,
1123 709 1282 771 atque
1304 704 1484 757 uniter
1505 710 1633 773 apta
1655 705 1771 759 est?

211 774 469 842 Denique,
487 774 602 842 jam
625 773 765 825 saltu
790 772 989 854 pernici
1012 772 1195 825 tollere
1218 789 1403 841 corpus
1786 779 1895 828 560

214 843 347 904 Quis
371 842 509 911 potis
532 848 626 909 est,
649 842 754 894 nisi
777 842 856 895 vis
879 841 1081 908 animae,
1105 857 1225 908 quae
1247 841 1484 895 membra
1506 841 1800 910 gubernat?

212 912 253 965 J
254 929 408 965 amne
431 911 591 977 vides,
615 915 875 978 quantum
899 910 1072 963 tenuis
1095 915 1288 963 natura
1311 910 1485 964 valere

213 980 400 1046 Possit,
424 980 517 1031 ubi
540 984 620 1031 est
643 980 924 1046 conjuncta
946 978 1097 1045 gravi
1119 995 1240 1031 cum
1248 995 1488 1060 corpore,
1511 984 1578 1033 ut
1600 980 1694 1034 aer

215 1049 534 1115 Oonjunctus
557 1047 722 1114 terris,
747 1051 802 1099 et
823 1046 972 1100 nobis
995 1052 1076 1100 est
1100 1047 1264 1101 animi
1288 1047 1402 1102 vis?

733 1162 815 1217 De
839 1162 964 1218 solis
985 1164 1370 1235 magnitudine.

285 1247 397 1303 Nec
420 1247 582 1302 nimio
605 1248 726 1301 solis
749 1250 916 1317 major
936 1254 1068 1317 rota,
1093 1267 1190 1303 nec
1212 1251 1385 1304 minor
1408 1250 1562 1304 ardor

216 1318 344 1372 Esse
366 1323 554 1399 potest,
516 1319 767 1385 t,nostris
791 1335 951 1387 quam
975 1319 1210 1372 sensibus
1234 1337 1344 1373 esse
1367 1320 1589 1373 videtur.

216 1388 357 1442 Nam
379 1387 570 1456 quibus
594 1405 623 1440 e
742 1388 830 1440 tiis
853 1405 1077 1456 cumque
1098 1388 1248 1455 ignes
1271 1388 1475 1441 lumina
1496 1393 1714 1456 possunt

217 1457 458 1524 Allicere‚
482 1463 536 1511 et
559 1405 790 1512 caligam
811 1456 1058 1511 membris
1081 1456 1257 1510 afflare
1279 1474 1539 1528 vaporem,

218 1527 311 1580 Nil
333 1527 521 1580 missus
543 1527 834 1581 intervallis
857 1527 923 1580 de
945 1543 1157 1607 corpore
1179 1526 1411 1580 librant⁶

220 1596 593 1663 Flammarum,
616 1596 753 1648 nihil
776 1596 845 1648 ad
869 1596 1095 1665 speciem
1117 1601 1197 1648 est
1220 1596 1537 1649 contractior
1558 1595 1712 1663 ignis.
1792 1596 1900 1648 570

222 1665 462 1731 Proinde,
487 1665 626 1719 calor
648 1665 899 1733 quoniam
923 1663 1043 1717 solis
1067 1663 1351 1732 lumenque
1412 1666 1648 1718 refusum

224 1734 546 1787 Perveniunt
567 1741 772 1786 nostros
795 1734 864 1786 ad
888 1749 1083 1801 sensus,
1107 1738 1163 1785 et
1185 1733 1301 1786 loca
1322 1682 1558 1801 algent:

223 1802 413 1855 Forma
436 1819 640 1870 quoque
662 1802 786 1856 hinc
811 1801 932 1854 solis
956 1774 1113 1855 debet
1134 1801 1388 1870 filumque
1412 1802 1593 1869 videri,

223 1871 316 1924 Nil
338 1870 468 1923 adeo
492 1875 555 1924 ut
579 1871 740 1949 possis
764 1870 884 1937 plus
907 1876 1003 1923 aut
1025 1871 1201 1923 minus
1226 1871 1417 1924 addere
1440 1888 1578 1924 vera.

295 1939 564 2006 Lunaque,
588 1938 697 1990 sive
721 1938 886 1990 notho
908 1939 1080 1991 fertur
1101 1939 1216 1993 loca
1239 1940 1439 1992 lumine
1462 1940 1707 2005 lustrans,

225 2007 347 2061 Sive
370 2023 520 2059 suam
577 2006 749 2075 roprio
763 2008 937 2073 jactat
960 2008 1026 2060 de
1050 2025 1260 2076 corpore
1282 2008 1484 2072 lucem3

228 2074 535 2144 Quidquid
598 2081 691 2141 est,
716 2075 883 2127 nihilo
907 2075 1077 2129 fertur
1097 2079 1292 2157 majore
1315 2077 1499 2144 figura,

229 2146 399 2210 Quam
421 2144 612 2199 nostris
637 2144 814 2211 ocuIiS,
840 2160 945 2213 qua
968 2145 1246 2213 cernimus,
1270 2162 1379 2198 esse
1403 2146 1626 2198 videtur.

226 2215 367 2268 Nam
389 2213 535 2282 prius
559 2214 748 2281 omnia,
772 2230 890 2282 quae
902 2212 1070 2295 longe
1094 2220 1291 2266 semota
1315 2219 1522 2266 tuemur

228 2285 371 2336 Aera
393 2299 494 2364 per
509 2283 752 2349 multum,
777 2282 947 2351 specie
971 2282 1192 2335 confusa
1215 2282 1477 2349 videntur,
1795 2286 1906 2333 580

231 2353 402 2417 Quam
425 2351 595 2403 minui
617 2351 794 2403 filum:
832 2356 1151 2430 quapropter
1172 2351 1303 2403 luna
1326 2350 1533 2403 necesse
1556 2355 1650 2415 est,

231 2420 665 2487 Quandoquidem
682 2420 878 2471 claram
902 2420 1125 2485 speciem
1149 2425 1448 2485 certamque
1472 2419 1696 2485 figuram

231 2488 452 2554 Praebet,
476 2493 540 2539 ut
563 2492 643 2538 est
666 2487 768 2538 oris
792 2487 1041 2537 extremis
1066 2503 1267 2553 quoque
1291 2492 1489 2550 notata,

232 2555 547 2621 Quantaque
570 2559 769 2622 quanta
791 2558 886 2617 est,
911 2552 1035 2604 hinc
1059 2554 1211 2605 nobis
1232 2554 1511 2607 videatur'
1496 2571 1554 2605 ιιι
1578 2554 1722 2608 alto‘.

347 2664 590 2713 ·N10111qu
593 2665 683 2702 ῑοοι
732 2662 985 2709 {uenturum
1019 2663 1113 2702 MS.

351 2707 561 2764 ‘Quod
536 2729 741 2768 quoqu
717 2676 907 2757 gennesa
911 2692 1070 2755 tiam
1090 2717 1252 2756 nobiav
1254 2717 1321 2755 iod
1323 2722 1417 2757 ωτι
1433 2720 1523 2757 ian
1497 2719 1602 2765 aum
1635 2719 1730 2758 Ms.
