2084 3000
208 178 278 229 24
834 176 893 228 Τ.
931 174 1266 227 LUORETII

209 276 359 339 Quod
383 276 513 328 facit
536 275 624 328 hic
646 276 802 343 idem,
826 276 1146 344 perdelirum
1168 291 1282 326 esse
1302 274 1524 327 videtur.

207 344 345 396 Nam
371 349 552 396 contra
576 361 756 396 sensus
779 345 849 397 ab
871 344 1107 397 sensibus
1130 344 1242 411 ipse
1266 349 1543 411 repugnat,

210 413 284 467 Et
306 413 591 465 labefactat
613 430 712 478 eos,
736 414 877 466 unde
900 411 1078 464 omnia
1101 412 1302 463 credita
1324 412 1589 479 pendent3

209 481 363 533 Unde
386 480 474 535 hic
499 481 739 548 cognitus
763 488 843 534 est
865 481 982 549 ipsi,
1008 497 1165 548 quem
1189 479 1429 533 nominat
1451 480 1644 548 ignem.

212 548 388 602 Credit
412 549 552 601 enim
577 566 756 603 sensus
779 550 957 617 ignem
980 565 1288 616 cognoscere
1311 565 1462 613 νοτες

210 619 395 671 Cetera
417 634 524 670 non
547 618 729 686 credit,
747 618 915 671 nihilo
938 636 1058 686 quae
1085 617 1226 670 clara
1248 616 1428 670 minus
1449 624 1603 671 sunt:

209 686 360 753 Quod
384 686 516 738 mihi
541 704 662 739 cum
683 705 895 753 vanum,
922 693 1038 740 turn
1063 687 1289 739 delirum
1313 702 1421 738 esse
1446 687 1669 739 videtur.

212 754 326 817 Quo
349 756 632 808 referemus
656 757 830 809 enim?
869 756 1009 820 Quid
1033 755 1184 807 nobis
1209 754 1436 808 certiusr
1457 755 1585 823 ipsis
1787 757 1892 810 700

209 823 456 877 Sensibus
481 842 589 877 esse
612 825 819 894 potest?
857 825 963 888 Qui
989 841 1114 877 vera
1136 840 1199 876 ao
1222 824 1358 876 falsa
1380 824 1657 876 notemus?

281 892 554 959 Praeterea,
580 911 739 960 quare
763 885 1040 961 quisquam
1064 893 1231 960 magis
1256 891 1432 944 omnia
1456 892 1625 961 tollat,

209 960 283 1014 Et
306 961 435 1014 velit
457 962 657 1013 ardoris
678 967 922 1014 naturam
946 961 1185 1028 linquere
1209 961 1386 1027 solam,

213 1029 384 1092 Quam
406 1035 565 1096 neget
589 1047 697 1082 esse
720 1031 882 1097 ignes,
908 1046 1170 1083 summam
1193 1037 1373 1082 tamen
1396 1046 1506 1083 esse
1529 1030 1828 1099 relinquat?

213 1098 276 1152 ΛΕ
314 1115 386 1149 ua
409 1099 620 1151 videtur
643 1099 784 1151 enim
808 1098 1075 1151 dementia
1098 1099 1270 1151 dicere
1295 1106 1593 1166 utrumque.

333 1173 626 1235 uapropter,
649 1168 741 1235 qui
763 1168 1035 1220 materiem
1059 1184 1234 1219 rerum
1258 1184 1366 1220 esse
1389 1173 1650 1235 putarunt

212 1234 415 1303 Ignem,
440 1241 601 1303 atque
624 1254 692 1289 ex
715 1236 830 1304 igni
853 1254 1110 1289 summam
1134 1235 1412 1290 consistere
1434 1253 1613 1304 posse3

211 1304 283 1357 Et
309 1305 401 1372 qui
424 1305 744 1374 principium
768 1305 1048 1372 gignendis
1071 1306 1198 1357 aera
1219 1303 1373 1356 rebus

213 1374 569 1437 Constituere3
605 1381 699 1426 aut
721 1375 992 1426 humorem
1016 1374 1338 1442 quicumque
1361 1378 1623 1441 putarunt

213 1441 438 1510 Fingere
459 1460 540 1495 res
565 1443 739 1512 ipsum
765 1461 856 1513 per
882 1460 948 1508 se,
975 1448 1235 1494 terramve
1260 1459 1435 1494 creare
1779 1443 1890 1514 ,710

214 1512 417 1578 Omnia,
441 1518 496 1566 et
519 1513 577 1567 in
599 1530 775 1566 rerum
797 1519 1016 1566 naturas
1039 1512 1233 1566 vertier
1256 1529 1464 1575 omnes;

211 1580 531 1649 Magnopere
555 1600 588 1634 a
611 1600 732 1635 vero
754 1582 1012 1651 longeque
1036 1598 1232 1633 errasse
1255 1582 1517 1634 videntur.

282 1650 430 1703 Adde
455 1651 631 1716 etiam,
655 1651 748 1718 qui
773 1651 1151 1719 conduplicant
1174 1650 1458 1718 primordia
1480 1667 1671 1717 rerum,

212 1717 355 1772 Aera
370 1722 655 1787 jungentes
679 1720 791 1786 igni
817 1726 1115 1788 terramque
1141 1719 1335 1786 liquori
1356 1738 1370 1783 ;

212 1785 286 1839 Et
308 1789 401 1854 qui
425 1794 651 1855 quatuor
674 1805 742 1840 ex
764 1788 920 1840 rebus
944 1805 1093 1856 posse
1117 1788 1293 1840 omnia
1316 1794 1514 1854 rentur,

214 1854 299 1910 Ex
322 1856 451 1924 igni,
476 1862 616 1909 terra
639 1862 797 1925 atque
822 1857 1012 1923 anima,
1038 1874 1373 1925 procrescere,
1399 1864 1453 1910 et
1477 1856 1647 1910 imbri.

754 1973 950 2028 Contra
974 1974 1348 2045 Empedoclem.

286 2056 519 2121 Quorum
542 2059 924 2126 Agrigentinus
949 2077 1072 2113 eum
1096 2060 1278 2129 primis
1303 2058 1643 2128 Empedocles
1668 2067 1761 2127 est,

214 2125 399 2180 Insula
422 2144 576 2195 quem
600 2129 869 2196 triquetris
892 2135 1152 2181 terrarum
1175 2129 1336 2196 gessit
1359 2129 1417 2180 in
1441 2128 1559 2196 oris,

216 2194 388 2259 Quam
410 2195 624 2250 fluitans
649 2198 845 2250 circum
867 2198 1074 2266 magnis
1098 2196 1439 2250 amfractibus
1464 2214 1641 2267 aequor

215 2263 426 2317 Ionium
451 2264 650 2332 glaucis
673 2266 942 2334 adspergit
966 2267 1110 2319 virus
1133 2266 1202 2319 ab
1226 2266 1402 2333 undis,
1791 2267 1894 2320 720

213 2332 557 2401 Angustoque
580 2335 721 2387 fretu
744 2336 987 2403 rapidum
1009 2353 1154 2388 mare
1179 2335 1371 2387 dividit
1394 2335 1550 2388 undis

214 2402 386 2454 Italiae
412 2408 669 2458 terrarum
693 2419 806 2457 oras
831 2422 864 2457 a
885 2404 1079 2457 finibus
1104 2405 1229 2471 ejus.

215 2469 322 2524 Hie
346 2479 425 2524 est
449 2478 598 2525 vasta
623 2472 926 2540 Charybdis,
951 2478 1005 2524 et
1028 2472 1117 2524 hic
1141 2472 1352 2524 AEtnaea
1372 2472 1646 2525 minantur

216 2537 490 2591 Murmura
513 2540 844 2593 flammarum
867 2557 1076 2591 rursum
1101 2557 1156 2591 se
1180 2539 1423 2606 colligere
1446 2541 1565 2608 iras,

216 2605 480 2661 Faucibus
498 2615 710 2677 eruptos
734 2608 926 2659 iterum
952 2612 1014 2658 ut
1039 2607 1119 2657 vis
1144 2614 1349 2658 evoma-t
1374 2609 1537 2676 ignee,

875 2709 891 2728 '
920 2702 1094 2742 rectinet
1137 2702 1233 2740 MS.
