2084 3000
220 173 327 223 202
854 166 911 219 T.
950 164 1286 218 LUORETII

219 265 358 319 Nam
381 265 459 334 fit,
483 271 545 319 ut
568 265 836 318 interdum
860 270 1119 332 tanquam
1144 263 1368 315 demissa
1391 263 1635 315 columna

221 334 288 386 In
310 351 452 388 mare
476 333 542 387 de
565 335 694 387 coelo
719 332 1017 399 descendat,
1042 348 1203 399 quam
1226 332 1364 383 freta
1389 332 1589 383 circum

220 401 543 456 Fervescunt
566 403 797 471 gravi-ter
821 401 1144 470 spirantibus
1168 399 1336 452 incita
1357 399 1562 452 flabris:

219 470 293 523 Et
316 488 656 553 quaecumque
679 471 738 522 in
765 487 824 522 eo
851 476 965 522 tum
990 474 1116 521 sunt
1140 468 1395 537 deprensa
1419 469 1655 520 tumultu

219 539 358 592 Navi
398 541 409 553 ⁹
469 540 527 591 in
550 556 812 591 summum
835 538 1060 591 veniunt
1083 543 1276 590 vexata
1299 537 1566 606 periclum.
1800 541 1915 591 430

219 607 338 660 Hoc
398 613 438 673 t,
461 607 555 659 ubi
576 607 844 659 interdum
866 624 973 659 non
996 606 1115 675 quit
1139 606 1218 659 vis
1242 605 1407 658 incita
1430 606 1577 657 venti

221 675 498 745 Rumpere,
522 693 681 745 quam
704 676 891 745 coepit.
916 675 1140 738 nubem;
1177 674 1267 726 sed
1292 674 1554 742 deprimit,
1583 680 1644 726 ut
1667 674 1736 726 sit

219 742 290 796 In
311 762 457 800 mare
479 744 544 797 de
569 745 703 799 coelo
721 750 977 813 tanquam
1000 743 1225 795 demissa
1250 743 1494 795 columna

217 812 515 877 Paulatim3
538 815 688 883 quasi
711 814 839 883 quid
865 828 1043 882 pugno
1067 811 1371 880 brachiique
1395 828 1620 880 superne

219 880 471 950 conjectu
493 883 755 950 trudatur,
780 888 834 934 et
857 880 1174 934 extendatur
1197 880 1255 931 in
1279 880 1448 932 undas
1469 897 1484 932 ;

218 949 395 1070 guam
454 969 585 1004 uum
609 951 835 1014 discidit,
860 950 987 1002 hinc
1013 948 1376 1031 prorumpitur
1398 948 1457 1018 in
1478 966 1623 1001 mare
1647 950 1798 1001 venti

267 1019 328 1085 is,
352 1024 408 1071 et
420 969 684 1072 {ervorem
707 1019 901 1071 mirum
924 1018 1205 1070 concinnat
1228 1033 1286 1069 m
1310 1017 1480 1071 undis.

219 1086 593 1139 versabundus
613 1087 755 1142 enim
777 1084 933 1138 turbo
957 1086 1243 1154 descendit,
1268 1091 1322 1139 et
1344 1086 1492 1138 illam

216 1154 446 1207 Deducit
468 1155 666 1223 pariter
687 1155 830 1207 lento
854 1171 976 1207 cum
999 1171 1211 1224 corpore
1234 1155 1457 1219 nubem;

218 1224 389 1288 Quam
413 1223 569 1276 simul
593 1241 656 1277 ac
679 1223 951 1293 gravidam
975 1223 1211 1276 detrudit
1234 1224 1303 1276 ad
1328 1240 1537 1293 aequora
1561 1224 1729 1293 ponti,
1792 1228 1907 1278 440

217 1292 317 1345 Ille
339 1292 397 1344 in
420 1310 613 1361 aquam
636 1294 806 1346 subito
832 1299 1003 1345 totum
1027 1310 1082 1345 se
1105 1292 1365 1361 immittit,
1390 1299 1444 1345 et
1469 1311 1620 1346 omne

215 1360 432 1415 Excitat
454 1362 659 1430 ingenti
683 1362 859 1414 sonitu
881 1379 1040 1429 mare,
1063 1361 1262 1414 fervere
1287 1378 1489 1429 cogens.

286 1430 374 1483 Fit
397 1448 617 1501 quoque,
640 1437 702 1484 ut
724 1430 959 1484 involvat
982 1430 1131 1483 venti
1155 1448 1208 1481 se
1232 1431 1459 1483 nubibus
1485 1430 1600 1500 ipse·

217 1498 436 1568 Vortex,
461 1501 736 1554 corradens
761 1518 829 1552 ex
852 1502 974 1553 aere
999 1500 1199 1553 semina
1224 1500 1396 1567 nubis,

219 1567 292 1620 Et
317 1570 470 1637 quasi
492 1570 772 1623 demissum
797 1569 924 1621 coelo
948 1573 1181 1638 prestera
1204 1568 1453 1622 imi-tetur.

217 1634 323 1693 Hic
346 1638 440 1689 ubi
463 1656 517 1691 se
539 1638 597 1691 in
622 1644 785 1692 terras
809 1637 1018 1690 demisit
1043 1637 1399 1706 dissoluitque‚

214 1705 456 1759 Turbinis
478 1707 761 1760 immanem
784 1707 893 1761 vim
916 1706 1177 1776 provomit
1201 1712 1361 1775 atque
1385 1707 1651 1776 procellat.

218 1772 337 1840 Sed,
363 1776 489 1842 quia
510 1775 572 1827 fit
595 1792 712 1828 raro
735 1776 959 1843 omnino,
977 1781 1283 1843 montesque
1306 1793 1512 1829 necesse
1536 1783 1615 1829 est

216 1841 434 1895 Officers
456 1844 514 1895 in
537 1843 703 1911 terris,
729 1851 947 1913 apparet
970 1844 1199 1897 crebrius
1222 1844 1364 1896 idem

213 1909 498 1979 Prospectu
520 1913 678 1964 maris
700 1912 759 1964 in
781 1929 986 1982 magno,
1012 1913 1243 1983 coeloque
1268 1914 1487 1982 patenti.
1783 1917 1890 1969 450

883 2031 967 2085 De
988 2033 1226 2088 nubibus.

281 2114 480 2169 Nubila
501 2121 855 2183 concrescunt,
878 2116 972 2173 ubi
997 2136 1211 2189 corpora
1233 2119 1407 2175 multa
1430 2119 1656 2175 volando

214 2183 331 2237 Hoc
355 2201 511 2255 super
531 2186 590 2238 in
613 2186 730 2239 coeli
756 2187 923 2256 spatio
947 2189 1114 2240 coiere
1137 2195 1353 2259 repente

212 2252 504 2334 Asperiora,
528 2254 694 2307 modis
718 2272 833 2324 quae
858 2257 1059 2326 possint
1083 2257 1395 2326 indupedita

211 2321 448 2392 Enguis,
473 2330 651 2377 tamen
674 2324 814 2377 inter
837 2343 891 2378 se
915 2343 1218 2395 comprensa
1241 2327 1428 2395 teneri.-

212 2390 344 2442 Hoec
367 2391 572 2444 faciunt
594 2393 824 2461 primum
847 2412 1035 2463 parvas
1059 2395 1340 2464 consistere
1363 2395 1529 2449 nubes
1549 2416 1564 2459 ;

213 2457 348 2509 Inde
372 2475 436 2511 ea
459 2461 839 2529 comprendunt
863 2463 1002 2515 inter
1025 2479 1094 2529 se,
1119 2479 1320 2531 conque
1343 2472 1648 2533 gregantur,

209 2523 281 2575 Et
305 2528 668 2594 conjungendo
692 2535 945 2593 crescunt,
972 2530 1248 2598 ventisque
1271 2532 1520 2586 feruntur

209 2590 283 2641 Us
321 2608 386 2670 ue
407 2593 550 2661 adeo,
575 2596 737 2648 donec
762 2602 1043 2664 tempestas
1068 2615 1204 2651 saeva
1227 2606 1403 2653 coorta
1426 2608 1519 2655 est.

321 2663 367 2709 1t
390 2676 610 2729 quoque,
634 2665 717 2716 uti
739 2666 932 2718 montis
955 2666 1131 2719 vicina
1155 2670 1429 2724 cacumina
1453 2672 1581 2726 coelo
