2084 3000
188 201 288 251 164
793 196 849 249 Τ.
874 194 1210 248 LUORE'I'II

183 299 380 356 Annua
403 297 479 350 sol
502 298 560 350 in
583 313 687 366 quo
710 297 972 349 consumit
997 302 1234 365 tempora
1258 313 1445 350 cursu:

182 368 319 435 Non,
341 368 575 436 inquam,
601 366 825 434 simplex
848 366 931 417 his
954 364 1111 418 rebus
1132 366 1343 418 reddita
1366 383 1525 420 causa
1549 372 1642 420 est.

617 482 887 538 &mentia
911 483 1202 537 Democriti
1223 484 1284 537 de
1307 484 1420 539 sole.

253 568 392 621 Nam
413 567 528 620 fieri
550 568 636 621 vel
659 585 779 621 cum
805 570 988 638 primis
1011 570 1069 621 id
1092 587 1240 638 posse
1264 571 1490 638 videtur,

183 636 470 690 Democriti
495 638 631 706 quod
654 644 837 691 sancta
854 639 956 691 viri
980 640 1243 691 sententia
1264 640 1442 707 ponit:

185 706 394 769 Quanto
419 722 641 775 quaeque
663 707 833 775 magis
857 708 964 759 sint
987 713 1180 759 terram
1206 708 1377 760 sidera
1399 713 1625 778 propter,

182 774 352 828 'Panto
374 792 523 845 posse
545 776 721 829 minus
745 793 866 829 cum
891 776 1007 828 coeli
1031 777 1245 829 turbine
1267 777 1407 829 ferri.

184 843 503 897 Evanescere
527 845 670 897 enim
691 846 900 913 rapidas
924 845 1081 911 illius,
1106 849 1160 897 et
1183 862 1327 898 acres

184 913 436 966 Imminui
460 912 635 967 subter
659 914 808 980 vitem,
833 914 1053 981 ideoque
1075 914 1304 982 relinqui

183 980 450 1034 Paulatim
474 982 634 1034 solem
657 999 777 1034 cum
839 982 1160 1034 osterioribu’
1186 983 1363 1050 signis,

184 1049 407 1103 Inferior
427 1050 659 1103 multum
682 1000 837 1118 qump
846 1051 930 1118 sit,
955 1067 1117 1119 quam
1140 1052 1343 1104 fervida
1367 1052 1547 1120 signa:

790 1165 873 1218 De
896 1165 1038 1220 lunae
1060 1184 1233 1221 curm.

184 1249 254 1302 Et
276 1250 444 1319 magis
467 1250 566 1303 hoc
588 1249 800 1303 lunam:
836 1257 891 1304 et
914 1258 1112 1320 quanto
1136 1253 1406 1305 demissior
1429 1255 1541 1322 ejus

183 1319 376 1372 Cursus
399 1319 545 1373 abest
569 1320 750 1389 procul
773 1338 806 1373 a
829 1322 972 1387 coelo,
996 1322 1251 1389 terrisque
1275 1323 1608 1390 propinquat,

183 1388 351 1442 Tanto
411 1406 521 1441 osse
544 1390 720 1441 minus
744 1406 866 1442 cum
890 1391 1053 1457 signis
1078 1390 1292 1443 tendere
1316 1408 1541 1445 cursum.

182 1456 359 1511 Flacci
400 1458 502 1512 'ore
525 1459 684 1513 etiam
710 1464 905 1529 quanto
921 1461 1036 1528 jam
1061 1458 1271 1513 turbine
1294 1461 1463 1514 fertur

183 1527 404 1581 Inferior
428 1546 585 1596 quam
609 1530 697 1596 sol,
723 1534 873 1581 tanto
895 1530 1065 1597 magis
1089 1530 1263 1583 omnia
1288 1531 1439 1597 signa

183 1595 337 1649 Hanc
359 1597 723 1667 adipiscuntur
745 1598 942 1650 circum
965 1602 1256 1667 praeterque
1278 1600 1535 1653 feruntur.

182 1665 464 1735 Propterea
486 1667 563 1734 fit,
587 1673 650 1720 ut
673 1667 784 1719 haec
806 1668 875 1719 ad
900 1668 1109 1735 signum
1132 1668 1374 1736 quodque
1397 1668 1590 1722 reverti

181 1733 241 1785 M
243 1735 431 1786 obilius
454 1735 711 1802 videatur,
736 1736 805 1788 ad
828 1736 966 1789 hanc
993 1736 1119 1805 quia
1142 1737 1294 1803 signa
1315 1738 1564 1790 revisunt.

250 1802 341 1855 Fit
364 1820 585 1871 quoque,
609 1809 673 1855 ut
696 1821 726 1856 e
747 1806 935 1857 mundi
957 1806 1265 1858 transversis
1288 1805 1526 1873 partibus
1554 1808 1648 1860 aer

181 1870 413 1925 Alternis
437 1877 578 1923 certo
601 1871 762 1924 fluere
786 1873 921 1925 alter
943 1880 1177 1942 tempore
1200 1875 1379 1943 possit,

181 1939 284 2003 Qui
307 1944 465 2007 queat
489 1939 683 1992 aestivis
708 1940 868 1992 solem
892 1942 1170 1995 detrudere
1194 1943 1357 2011 signis

179 2007 451 2060 Brumales
473 2023 639 2075 usque
663 2008 731 2059 ad
754 2008 923 2061 flexus
945 2011 1284 2080 gelidumque
1307 2013 1561 2080 rigorem5

179 2076 251 2128 Et
273 2076 365 2143 qui
388 2075 593 2143 rejiciat
615 2076 803 2143 gelidis
827 2095 860 2130 a
882 2079 1090 2147 frigoris
1114 2081 1314 2133 umbris

178 2144 452 2198 AEstiferas
475 2161 638 2213 usque
661 2145 719 2198 in
743 2153 917 2215 partes
941 2155 996 2200 et
1017 2149 1222 2201 fervida
1245 2150 1409 2217 signa.

177 2213 250 2266 Et
271 2213 473 2265 ratione
498 2213 612 2280 pari
634 2213 815 2267 lunam
839 2216 1119 2285 stellasque
1142 2219 1439 2285 putandum
1464 2223 1557 2287 est,

179 2282 309 2346 Quae
333 2282 555 2336 volvunt
577 2300 794 2351 magnos
817 2286 876 2337 in
897 2286 1106 2352 magnis
1130 2285 1340 2339 orbibus
1363 2305 1542 2355 annos,

176 2351 401 2404 Ae'ribus
425 2368 573 2431 posse
598 2353 815 2405 alternis
839 2371 867 2406 e
891 2354 1129 2422 partibus
1153 2355 1244 2407 ire.

175 2418 364 2471 Nonne
386 2419 533 2472 vides
557 2420 718 2472 etiam
743 2421 959 2473 diversis
983 2422 1170 2475 nubila
1192 2424 1366 2477 ventis

175 2486 420 2538 Diversas
444 2487 519 2538 ire
542 2487 599 2538 in
623 2493 813 2555 partes,
836 2489 1047 2541 inferna
1070 2492 1309 2557 supernis
1330 2493 1352 2544 ‘l

178 2553 282 2614 Qui
311 2554 482 2605 minus
504 2555 601 2606 illa
624 2560 818 2621 queant
838 2572 934 2622 per
955 2573 1175 2623 magnos
1200 2559 1409 2612 aetheris
1432 2560 1580 2613 orbes

174 2619 411 2671 AEstibus
433 2621 572 2672 inter
596 2639 650 2673 se
674 2622 890 2673 diversis
914 2623 1086 2674 sidera
1108 2625 1269 2678 ferri?
1373 2634 1380 2639 ‘

242 2685 319 2738 At
340 2703 448 2739 nox
470 2687 645 2740 obruit
666 2689 873 2755 ingenti
896 2690 1124 2758 caligine
1147 2698 1326 2761 terras,

1758 575 1868 625 620

1750 2085 1856 2134 640
