2084 3000
243 182 344 234 186
827 185 838 206 '
861 183 919 237 ¹1¹.
954 182 1291 236 LUGRETII

240 282 344 336 Per
365 282 594 336 tumulos
617 286 674 337 et
695 284 958 337 convalles
981 299 1295 352 camposque
1317 282 1555 352 profusa:

241 350 317 403 Ut
339 368 483 404 nunc
505 369 615 405 esse
637 352 784 405 vides
806 353 951 405 vario
974 353 1227 404 distincta
1248 351 1423 420 lepore
1573 409 1578 414 ,

226 419 446 486 Omnia,
471 436 590 488 quae
612 421 780 489 pomis
804 421 1049 473 intersita
1072 420 1313 473 dulcibus
1336 426 1542 487 ornant,

240 488 588 556 Arbustisque
611 494 799 542 tenent
820 488 1062 542 felicibus
1084 488 1255 541 obsita
1279 489 1494 542 circum.

311 558 385 609 At
408 556 633 623 liquidas
657 558 839 611 avium
862 574 1013 610 voces
1037 558 1296 611 imitarier
1316 574 1403 610 ore

243 624 383 677 Ante
405 626 512 679 fuit
534 626 718 694 multo,
742 644 901 695 quam
923 625 1078 679 laevia
1100 626 1335 679 carmina
1358 630 1522 679 cantu

243 692 609 747 Concelebrare
633 695 868 748 homines
892 700 1118 763 possent,
1141 711 1175 748 a
1330 711 1397 748 ue
1412 696 1615 763 juvare.
1782 698 1866 746 135
1889 698 1929 746 0

242 762 316 815 Et
339 762 566 832 Zephyri
590 781 721 818 cava
742 782 838 832 per
859 764 1179 817 calamorum
1205 763 1303 816 sib·
1381 764 1614 833 primum

242 831 489 900 Agl-estes
512 837 732 886 docuere
755 850 910 886 cavas
934 832 1119 885 inflare
1142 832 1357 886 cicutas.
1399 877 1402 880 ,

244 899 378 954 Inde
398 901 705 955 minutatim
729 902 906 954 dulces
928 901 1156 954 didicere
1179 901 1430 969 querelas,

243 967 396 1023 Tibia
417 986 549 1038 quas
571 970 766 1037 fundit,
791 970 975 1037 digitis
997 970 1210 1039 pulsata
1232 976 1532 1036 canentum,

243 1036 382 1090 Avia
403 1055 498 1106 per
518 1054 732 1092 nemora
754 1055 818 1091 ac
841 1038 999 1092 silvas
1022 1038 1291 1107 saltusque
1314 1056 1371 1092 re
1436 1044 1535 1105 rt&

245 1104 347 1159 Per
370 1105 484 1159 loca
505 1111 776 1174 pastorum
799 1107 1020 1174 deserta,
1038 1114 1201 1175 atque
1223 1108 1335 1160 otia
1358 1056 1462 1160 cmi,

244 1173 332 1227 Sic
354 1190 525 1226 unum
548 1174 806 1257 quidquid
828 1176 1090 1244 paulatim
1112 1176 1374 1257 protrahit
1395 1181 1526 1230 setas

246 1242 313 1295 In
335 1241 583 1310 medium,
606 1248 846 1313 ratioque
868 1244 926 1297 in
950 1244 1167 1298 lumims
1190 1245 1330 1298 eruit
1353 1261 1482 1299 oras.

247 1310 378 1364 Haec
399 1312 600 1366 animos
623 1312 747 1366 ullis
768 1313 1074 1367 mulcebant
1096 1318 1256 1382 atque
1272 1314 1535 1382 juvabant

246 1379 378 1433 Cum
401 1379 746 1446 satiatecibi3
780 1387 1196 1435 namtumsunt
1218 1382 1570 1437 omniacordi.
1787 1386 1923 1436 1390

245 1448 396 1520 Saepe
418 1443 596 1520 itaque
618 1450 760 1508 inter
781 1468 836 1505 se
858 1451 1107 1520 prostrati
1128 1450 1188 1504 in
1210 1452 1447 1520 gramine
1469 1451 1617 1507 molli

247 1518 470 1589 Propter
491 1536 642 1589 aquae
663 1521 851 1587 rivum,
877 1520 973 1573 sub
996 1519 1155 1573 ramis
1178 1519 1380 1574 arboris
1398 1521 1537 1590 altae,

246 1588 364 1642 Non
389 1589 598 1657 magnis
617 1589 802 1659 opibus
818 1589 1054 1659 jucunde
1078 1605 1138 1641 co
1230 1607 1291 1643 ra
1312 1588 1607 1656 habebant;

249 1657 546 1712 Praesertim
569 1675 734 1727 quum
756 1664 1039 1740 tempestas
1062 1658 1175 1710 ride
1243 1664 1268 1710 t
1306 1664 1363 1711 et
1385 1659 1514 1712 anni

247 1726 507 1796 'l'empora
524 1726 814 1796 pingebant
836 1727 1123 1780 viridantes
1145 1698 1362 1780 fiorihus
1383 1727 1583 1782 herbas.

247 1795 385 1848 'l‘um
400 1797 536 1864 joca,
559 1800 678 1849 tum
701 1812 881 1862 sermo,
904 1802 1022 1849 tum
1046 1795 1227 1849 dulces
1249 1812 1360 1849 esse
1382 1796 1630 1851 cachinni

250 1864 602 1917 Consuerant:
636 1864 858 1931 agrestis
880 1865 1024 1916 enim
1046 1871 1165 1917 tum
1186 1881 1338 1918 musa
1359 1865 1599 1933 vigebat:

248 1931 387 1986 Tum
408 1937 577 2000 caput
592 1936 755 2013 atque
774 1931 1016 1985 humeros
1039 1933 1210 2002 plexis
1231 1933 1476 1988 redimire
1498 1934 1713 2003 coronis,

251 1998 493 2053 Floribus
515 2004 571 2052 et
590 1999 745 2066 foliis,
769 2000 986 2053 lascivia
1008 2001 1137 2055 laeta
1157 2001 1420 2070 monebat,

250 2069 428 2138 Atque
445 2073 598 2120 extra
609 2085 888 2121 numerum
910 2071 1202 2137 procedere,
1217 2071 1451 2126 membra
1467 2078 1735 2128 moventes
1785 2077 1920 2128 1400

252 2137 481 2204 Duriter‚
505 2142 560 2190 et
582 2137 715 2191 duro
738 2142 931 2191 terram
953 2139 1087 2207 pede
1109 2139 1303 2208 pellere
1324 2146 1577 2196 matrem:
1959 2138 1968 2149 ’

253 2206 407 2260 Unde
429 2205 729 2260 oriebantur
749 2207 885 2260 risus
909 2207 1191 2277 duloesque
1212 2208 1474 2278 cachinni,

254 2274 446 2329 Omnia
469 2276 609 2344 quod
632 2293 769 2330 nova
791 2282 906 2330 tum
928 2278 1099 2345 magis
1121 2278 1236 2330 haec
1258 2284 1315 2331 et
1335 2279 1472 2332 mira
1493 2278 1757 2349 vigebant.

253 2341 327 2398 Et
348 2344 690 2413 vigilantibus
712 2345 837 2398 hinc
860 2347 1080 2400 aderant
1103 2346 1290 2400 solatia
1312 2363 1507 2416 somno,

254 2412 458 2466 Ducere
480 2413 804 2466 multimodis
828 2431 993 2481 voces,
1019 2420 1075 2467 et
1096 2414 1306 2467 flectere
1329 2421 1535 2485 cantus,

253 2479 328 2533 Et
351 2497 539 2548 supera
560 2480 788 2534 calamos
808 2497 944 2534 unco
967 2498 1268 2550 percurrere
1290 2481 1469 2538 labro:

254 2545 409 2599 Unde
431 2548 593 2600 etiam
614 2547 798 2615 vigiles
820 2564 963 2601 nunc
985 2549 1100 2602 haec
1122 2556 1338 2620 accepta
1361 2556 1593 2619 tuentur,

254 2612 328 2665 Et
349 2615 581 2667 numeris
603 2631 807 2668 servare
829 2632 993 2682 genus
1017 2617 1244 2670 didicere
1256 2637 1271 2681 ;
1306 2635 1476 2686 neque
1499 2620 1609 2675 hilo

255 2678 456 2748 Majore
477 2682 680 2737 interea
700 2683 921 2753 capiunt
943 2684 1221 2739 dulcedine
1242 2685 1493 2756 fructum,
