2084 3000
192 183 259 232 52
393 176 403 187 ’
823 179 879 233 Τ.
917 181 1254 233 LUORETII

189 283 343 349 Nam,
368 283 507 351 quod
531 282 714 336 eadem
733 299 844 335 una
867 282 1099 351 cujusvis
1123 283 1181 333 in
1204 282 1465 334 brevitate

191 352 443 419 Corporis,
466 351 606 402 inter
629 368 683 403 se
704 351 936 402 multum
960 351 1161 403 variare
1185 350 1370 417 figurae

189 419 312 472 Non
334 424 583 488 possunt:
619 419 706 472 fac
729 419 884 485 enim,
908 418 1140 470 minimis
1164 436 1193 470 e
1254 416 1455 469 artibus
1478 434 1587 470 esse

191 487 416 555 Corpora
439 487 610 555 prima
629 505 642 550 3
681 487 864 553 tribus,
889 487 974 539 vel
997 485 1156 554 paulo
1179 504 1215 554 p
1236 486 1433 553 nribus,
1458 502 1624 553 auge;

191 555 396 624 Nempe
420 554 514 607 ubi
538 572 624 607 eas
648 560 823 624 partes
846 555 1005 606 unius
1031 555 1255 622 corporis
1280 570 1472 621 omnes,

190 623 409 676 Summa
433 628 596 692 atque
619 624 728 676 ima
750 623 941 690 locans,
965 628 1326 675 transmutans
1350 621 1568 674 dextera
1590 622 1754 689 laevis,

191 691 516 744 Omnimodis
540 699 789 760 expertus
811 692 927 758 eriS,
951 708 1114 759 quam
1139 691 1361 758 quisque
1383 690 1474 743 det
1498 690 1621 743 ordo

192 759 499 814 Formarum
523 762 748 829 speciem
769 761 932 813 totius
957 759 1182 827 corporis
1205 761 1344 826 ejus:

192 827 344 892 Quod
368 836 614 898 superest,
639 830 685 881 si
706 830 842 881 forte
863 828 1005 881 voles
1019 840 1037 862 ⁸
1062 828 1263 881 variare
1286 826 1495 895 figuras,
1761 829 1872 879 490

190 897 509 951 Addendum
532 903 707 978 partes
731 896 860 948 alias
884 896 1015 959 erit;
1050 895 1175 948 inde
1199 913 1223 947 s
1289 901 1446 947 uetur

191 965 437 1017 Adsimili
459 971 674 1031 ratrone,
699 964 828 1016 alias
853 970 915 1015 ut
937 964 1170 1032 postulet
1193 979 1251 1016 or
1286 981 1332 1030 0,

192 1032 249 1085 Si
272 1038 336 1086 tu
357 1034 493 1085 forte
516 1033 656 1085 voles
680 1030 842 1084 etiam
864 1032 1067 1084 variare
1090 1032 1299 1099 figuras.

191 1101 267 1153 Er
301 1119 331 1154 o
353 1102 640 1153 formarum
663 1101 952 1153 novitatem
975 1102 1201 1169 corporis
1225 1114 1452 1168 augmen

192 1119 566 1237 Subsequitur:
602 1184 763 1236 quare
786 1186 892 1221 non
916 1175 996 1220 est
1020 1176 1081 1221 ut
1105 1169 1311 1222 credere
1333 1168 1515 1238 possis,

191 1236 319 1289 Esse
341 1237 563 1290 infinitis
587 1237 840 1290 distantia
863 1238 1063 1290 semina
1085 1237 1265 1290 formis
1283 1256 1299 1301 3

191 1305 273 1358 Ne
296 1305 536 1374 quaedam
560 1322 713 1373 cogas
735 1306 954 1359 immani
976 1306 1312 1358 maximitate

191 1374 348 1437 Esse;
383 1390 446 1426 su
480 1390 541 1428 ra
564 1374 706 1443 quod
721 1375 836 1454 jam
860 1375 1015 1427 docui
1037 1392 1145 1427 non
1168 1391 1277 1426 esse
1301 1374 1530 1443 probare.

259 1443 302 1496 J
301 1459 387 1494 am
411 1444 456 1495 ti
491 1444 512 1495 i
533 1441 814 1496 barbaricae
837 1449 1021 1510 vestes,
1047 1442 1396 1511 Meliboeaque
1418 1443 1630 1510 fulgens

190 1511 449 1581 Purpura,
472 1512 764 1565 Thessalico
789 1512 1106 1565 concharum
1129 1512 1299 1565 tincta
1313 1516 1333 1549 t
1355 1512 1536 1579 colore,
1561 1518 1615 1563 et
1755 1515 1858 1564 500

190 1581 364 1633 Aurea
386 1598 651 1650 pavonum
674 1581 870 1633 ridenti
891 1580 1098 1633 imbuta
1119 1580 1294 1649 lepore

191 1648 368 1716 Saecla,
393 1667 527 1703 novo
549 1666 724 1703 rerum
747 1656 993 1718 superata
1014 1650 1198 1715 colore,
1214 1651 1453 1717 jacerent
1472 1667 1487 1712 3

192 1717 262 1770 Et
286 1724 617 1787 contemptus
639 1717 766 1771 odor
788 1734 1026 1785 smyrnae,
1049 1718 1324 1786 mellisque
1347 1733 1552 1785 sapores
1571 1735 1590 1781 3

190 1786 264 1838 Et
287 1802 484 1852 cycnea
505 1786 639 1838 mele
664 1785 1005 1854 Phoebeaque,
1030 1786 1235 1839 daedala
1257 1786 1476 1850 chordis,

189 1854 434 1908 Carmina
458 1853 715 1906 consimili
736 1853 940 1905 ratione
963 1872 1207 1923 oppressa
1230 1854 1480 1917 silerent;

176 1924 236 1990 m
241 1938 430 1989 amque
453 1921 572 1974 aliis
594 1920 740 1973 aliud
764 1924 1099 1989 praestantius
1122 1929 1438 1976 exereretur.

259 1989 450 2042 Cedere
472 1990 601 2042 item
624 1994 763 2041 retro
785 1998 1000 2058 possent
1021 1995 1081 2044 in
1103 1992 1382 2045 deteriores

192 2058 384 2111 Omnia
408 2058 482 2110 sic
505 2062 695 2125 partes,
719 2063 781 2110 ut
804 2058 1036 2113 diximus
1060 2061 1118 2113 in
1141 2060 1392 2113 meliores.

188 2126 429 2195 Namque
451 2126 570 2179 aliis
594 2126 741 2178 aliud
764 2134 902 2180 retro
925 2146 1133 2198 quoque
1156 2129 1346 2182 tetrius
1369 2132 1504 2181 esset

187 2194 433 2263 Naribus,
457 2195 685 2262 auribus,
711 2200 871 2264 atque
895 2198 1075 2266 oculis,
1099 2198 1303 2266 orisque
1327 2196 1511 2265 sapori.
1698 2239 1704 2244 .
1760 2199 1861 2248 510

259 2263 388 2328 Quae
412 2265 662 2331 quoniam
683 2281 791 2317 non
816 2274 941 2320 sunt
962 2268 1022 2319 in
1045 2267 1198 2320 rebus
1221 2265 1443 2332 reddita,
1466 2270 1610 2317 certa
1633 2271 1689 2317 et

190 2331 337 2386 Finis
360 2331 624 2402 utrimque
646 2339 796 2387 tenet
820 2352 1109 2399 summam3
1143 2334 1342 2386 fateare
1365 2350 1572 2386 necesse
1596 2341 1691 2399 est,

187 2401 471 2455 Materiam
493 2419 699 2483 quoque
722 2404 887 2456 finitis
912 2404 1118 2456 differre
1139 2403 1335 2468 figuris.

257 2468 498 2537 Denique
519 2471 588 2523 ab
609 2470 820 2539 ignibus
843 2472 911 2524 ad
935 2471 1135 2539 gelidas
1157 2468 1448 2537 hiemisque
1469 2470 1685 2537 pruinas

189 2532 430 2588 Finitum
452 2545 545 2605 est,
568 2545 812 2607 retroque
834 2540 950 2607 pari
972 2538 1176 2590 ratione
1197 2553 1493 2590 remensum
1516 2544 1612 2589 est.

193 2602 374 2658 Omnis
397 2607 540 2658 enim
561 2607 702 2659 calor
723 2624 787 2661 ac
809 2606 1006 2673 frigus3
1041 2605 1304 2672 mediique
1326 2610 1530 2673 tepores

410 2703 431 2727 ²
453 2700 590 2749 valen
620 2699 715 2741 ΜΞ.
1289 2701 1303 2726 ⁸
1329 2701 1461 2745 tectu
1492 2697 1585 2738 MS.
