2084 3000
5 188 13 476 *v—e-ff—a——w

773 178 991 232 LIBER
1024 178 1303 231 SEXTUS.

204 280 488 347 Nimirum,
511 279 640 347 quia
663 284 789 331 sunt
810 279 1103 332 multarum
1126 278 1326 331 semina
1347 294 1550 341 rerum;

201 349 273 401 Et
297 350 424 401 satis
446 349 558 399 haec
582 348 739 400 tellus
762 347 911 400 nobis
936 348 1232 415 coelumque
1254 347 1383 399 mali
1406 347 1526 414 fert,

208 417 361 468 Unde
384 421 542 483 queat
566 416 644 467 vis
667 417 907 468 immensi
932 432 1251 483 procrescere
1273 415 1453 469 morbi.

202 483 288 536 Sic
311 484 476 551 igitur
499 483 600 535 toti
623 483 751 536 coelo
776 489 1030 550 terraeque
1055 483 1356 552 putandum
1380 489 1460 537 est

100 570 104 573 ·
201 552 286 603 Ex
309 552 517 603 infinito
541 552 668 603 satis
692 552 867 603 omnia
890 552 1238 620 suppeditare,

204 619 358 671 Unde
380 625 595 687 repente
619 625 776 687 queat
800 619 957 671 tellus
982 635 1230 671 concussa
1252 620 1465 682 moveri,

202 687 407 755 Perque
428 704 571 739 mare
595 693 649 739 et
674 692 840 739 terras
861 687 1076 754 rapidus
1099 704 1397 755 percurrere
1420 687 1588 754 turbo,

203 755 349 822 Ignis
373 755 641 808 abundare
664 756 916 821 AEtnaeus‚
938 755 1289 807 flammescere
1313 756 1501 807 coelum
1521 774 1535 818 ;

202 824 268 875 Id
293 841 495 891 quoque
520 824 660 875 enim.
681 823 758 889 fit,
783 828 836 874 et
859 823 1141 875 ardescunt
1163 823 1395 877 coelestia
1418 824 1631 891 templa,

203 891 278 943 Ut
302 897 637 959 tempestates
662 891 854 958 pluviae
877 891 1114 958 graviore
1138 897 1317 943 coortu

203 958 355 1026 Sunt,
378 960 471 1010 ubi
493 960 628 1011 forte
653 960 730 1011 ita
753 976 807 1011 se
830 960 1124 1012 tetulerunt
1149 959 1349 1012 semina
1372 976 1641 1028 aquarum.

272 1028 346 1079 At
369 1028 525 1079 nimis
549 1033 627 1080 est
650 1028 834 1095 ingens
856 1027 1070 1081 incendi
1095 1027 1336 1080 turbidus
1358 1029 1524 1082 ardor.

203 1094 427 1163 Scilicet,
451 1103 505 1148 et
527 1096 733 1162 fluvius,
759 1097 850 1164 qui
873 1097 1031 1162 visus,
1054 1097 1318 1149 maximus
1341 1098 1392 1150 ei
1415 1103 1509 1164 est,

207 1163 310 1228 Qui
332 1181 438 1216 non
461 1171 585 1216 ante
608 1165 834 1232 aliquem
857 1167 1108 1232 majorem
1130 1164 1295 1228 vidit;
1331 1171 1385 1218 et
1408 1166 1593 1232 ingens

203 1231 371 1283 Arbor
392 1232 648 1299 homoque
671 1232 905 1284 videtur:
942 1239 997 1284 et
1021 1232 1197 1283 omnia
1221 1233 1285 1283 de
1309 1250 1497 1299 genere
1521 1235 1677 1300 omni,

207 1298 450 1351 Maxima
474 1315 592 1365 quae
616 1298 750 1351 vidit
774 1300 1004 1366 quisque,
1028 1299 1143 1350 haec
1165 1300 1404 1366 ingentia
1425 1299 1607 1367 fingit:

207 1366 381 1432 Quum
404 1371 582 1419 tamen
605 1367 780 1418 omnia
802 1382 924 1417 cum
946 1366 1076 1419 eoelo
1100 1372 1342 1434 terraque
1365 1368 1601 1436 marique

204 1434 297 1486 Nil
321 1434 427 1486 sint
450 1434 518 1487 ad
542 1451 800 1486 summam
823 1437 1049 1486 summai
1073 1434 1238 1487 totius
1262 1452 1481 1488 omnem.

272 1504 325 1555 Ν
325 1520 429 1555 unc
452 1509 646 1569 tamen,
668 1503 763 1555 illa
784 1503 952 1555 modis
975 1502 1166 1570 quibus
1188 1505 1399 1557 irritata
1418 1510 1632 1573 repente

204 1570 445 1624 Flamma
466 1572 604 1623 foras
628 1571 788 1624 vastis
810 1571 989 1623 AEtnae
1012 1571 1310 1624 fornacibus
1333 1573 1486 1639 efflet,

205 1638 512 1707 Expediam.
570 1639 819 1705 Primum,
844 1640 1007 1691 totius
1031 1639 1259 1693 subcava
1280 1642 1472 1694 montis

204 1707 303 1759 Est
326 1713 532 1773 natura,
555 1706 664 1759 fere
688 1707 895 1759 silicum
919 1707 1139 1760 suffulta
1161 1709 1409 1762 caverni&

206 1775 460 1828 Omnibus
483 1780 563 1828 est
585 1791 736 1843 porro
758 1776 816 1827 in
840 1775 1100 1843 speluncis
1124 1783 1313 1831 ventus
1337 1783 1391 1829 et
1414 1780 1519 1831 aer.

207 1843 410 1896 Ventus
434 1844 574 1895 enim
596 1843 674 1908 fit,
698 1843 791 1896 ubi
814 1849 894 1896 est
917 1844 1168 1911 agitando
1191 1846 1420 1912 percitus
1442 1849 1544 1900 aer.

205 1911 311 1963 Hic
332 1911 425 1963 ubi
448 1911 720 1979 percaluit,
744 1911 1086 1980 calefecitque
1110 1913 1287 1966 omnia
1310 1914 1507 1967 circum

205 1978 346 2031 Saxa
367 1980 559 2046 furens,
577 1996 689 2099 tqua.
711 1981 986 2048 contingit,
1010 1987 1342 2050 terramque3
1377 1988 1432 2035 et
1455 1984 1523 2037 ab
1545 1985 1652 2039 illis

203 2047 452 2099 Excussit
475 2048 576 2099 cali
613 2064 705 2099 um
726 2049 950 2102 fiammis
973 2050 1234 2102 velocibus
1256 2051 1462 2118 ignem3

205 2114 366 2166 'l'ollit
389 2132 457 2182 se,
481 2132 543 2167 ac
564 2117 720 2168 rectis
744 2117 822 2169 ita
843 2117 1085 2171 faucibus
1109 2119 1253 2186 ejicit
1277 2119 1397 2186 alte,

206 2182 482 2251 Vertitque
505 2183 740 2236 ardorem
764 2185 931 2252 longe,
950 2186 1208 2253 longeque
1230 2186 1469 2241 favillam

203 2250 408 2317 Differt‚
432 2257 486 2303 et
510 2268 681 2303 crassa
703 2252 867 2305 volvit
890 2253 1116 2320 caligine
1138 2255 1371 2310 fumum:

203 2317 560 2387 Extruditque
584 2319 741 2371 simul
762 2321 1000 2373 mirando
1023 2323 1251 2390 pondere
1274 2340 1429 2379 saxa:

203 2386 285 2439 Ne
310 2386 529 2453 dubites,
554 2389 682 2455 quin
704 2389 818 2442 haec
842 2390 1039 2441 animai
1064 2391 1276 2444 turbida
1299 2393 1369 2445 sit
1393 2394 1484 2446 vis,

274 2455 546 2523 Praeterea,
570 2472 763 2523 magna
787 2474 852 2508 ex
876 2463 1026 2525 parte
1050 2461 1408 2512 mare’montis
1431 2460 1500 2514 ad
1522 2463 1634 2530 ejus

206 2522 428 2576 Radices
451 2523 651 2591 frangit
673 2525 879 2591 fluctus,
905 2532 1194 2595 aestumque
1215 2529 1443 2582 resolvit.

202 2592 289 2643 Ex
311 2592 411 2643 hoc
435 2608 596 2660 usque
619 2593 752 2645 mari
776 2594 1034 2662 speluncae
1058 2597 1251 2649 montis
1276 2597 1344 2650 ad
1367 2597 1502 2650 altas

203 2659 525 2715 Perveniunt
549 2661 727 2715 subter
747 2663 960 2717 fauces:
994 2664 1095 2718 hac
1117 2665 1209 2733 ire,
1232 2665 1508 2719 fatendum
1531 2672 1627 2739 est,

1004 2748 1038 2786 Ρ

1778 182 1882 232 209

1778 757 1880 809 670

1773 1442 1875 1491 680

1768 2126 1870 2176 690
