2084 3000
223 158 324 207 184
845 154 902 206 r.
940 154 1275 232 LUORETII

223 255 461 322 Sufferre,
486 261 540 308 et
562 273 782 323 magnas
808 255 1000 308 Martis
1024 254 1240 308 turbare
1265 260 1515 310 catervas.

223 325 308 378 Sic
333 325 439 377 alid
465 343 532 376 ex
558 326 660 376 alio
684 325 889 393 peperit
916 325 1176 377 discordia
1199 325 1384 391 tristis,

225 394 490 446 Horribile
514 394 758 446 humanis
781 394 921 459 quod
945 394 1193 461 gentibus
1217 401 1352 445 esset
1375 394 1435 445 in
1458 394 1646 459 armis;

226 464 394 530 Inque
418 463 527 514 dies
552 462 678 514 belli
701 461 987 514 terroribus
1010 462 1219 514 addidit
1242 480 1486 529 augmen.

225 532 520 584 'l'entarunt
544 531 705 583 etiam
732 536 909 582 tauros
934 532 990 582 in
1013 548 1240 583 moenere
1264 530 1405 597 belli,

226 598 553 667 Expertique
577 617 695 651 sues
719 616 880 651 saevos
905 607 1029 652 sunt
1053 600 1264 652 mittere
1287 600 1346 651 in
1368 601 1573 663 hostes;

228 669 301 720 Et
324 669 524 721 validos
549 668 735 721 Parthi
758 685 865 737 prae
892 687 945 721 se
969 669 1155 720 misere
1178 669 1355 721 leones

229 738 359 802 Cum
384 737 685 790 ductoribus
711 739 923 790 armatis
949 738 1203 804 saevisque
1226 737 1506 805 magistris,
1775 740 1923 789 1310

231 807 336 870 Qui
361 807 674 859 moderarier
697 806 780 858 his
805 812 1028 874 possent,
1056 807 1343 874 vinclisque
1368 812 1573 858 tenere:

229 875 281 928 N
283 876 632 944 equidquam3
668 877 914 945 quoniam
940 876 1205 944 permixta
1228 875 1368 927 caede
1393 875 1621 927 calentes

231 944 538 997 Turbabant
564 946 688 996 saevi
709 945 858 996 nullo
882 944 1182 997 discrimine
1207 951 1424 1008 turmas,

231 1012 503 1065 'Derrificas
527 1013 764 1080 capitum
789 1013 1087 1079 quatientes
1112 1013 1346 1080 undique
1370 1012 1584 1075 cristas;

231 1080 344 1134 Nec
367 1087 610 1150 poterant
634 1081 834 1148 equites
857 1082 1077 1134 fremitu
1100 1082 1378 1150 perterrita
1402 1097 1651 1148 equorum

234 1149 451 1203 Pectora
472 1150 715 1214 mulcere,
739 1155 794 1201 et
816 1150 979 1202 frenis
1003 1157 1302 1203 convertere
1324 1151 1384 1202 in
1406 1150 1593 1203 hostes.

235 1218 452 1271 Irritata.
473 1218 569 1271 leae
586 1217 854 1287 jaciebant
877 1236 1091 1288 corpora
1115 1220 1255 1271 saltu

234 1287 494 1356 Undique,
519 1294 573 1341 et
597 1288 875 1340 adversum
896 1287 1230 1340 venientibus
1254 1305 1344 1340 ora
1366 1286 1633 1356 petebant,

238 1355 308 1409 Et
329 1375 427 1410 nee
451 1358 724 1426 opinantes
747 1374 781 1409 a
803 1363 951 1423 tergo
974 1356 1308 1426 diripiebant,

236 1426 589 1496 Deplexaeque
613 1425 811 1478 dabant
832 1427 891 1477 in
915 1432 1110 1478 terram
1132 1425 1347 1478 vulnere
1369 1424 1550 1491 victos,
1776 1427 1914 1476 1320

236 1494 496 1549 Morsibus
520 1495 690 1551 affixae
713 1495 902 1550 validis
925 1501 1088 1563 atque
1110 1494 1378 1563 unguibus
1400 1495 1565 1547 uncis.

236 1565 279 1618 J
279 1566 635 1634 actabantque
660 1582 778 1618 suos
802 1565 958 1630 tauri,
1052 1564 1309 1631 dibusque
1333 1564 1602 1626 terebant3

237 1633 310 1686 Et
333 1635 498 1687 latera
521 1652 582 1687 ac
606 1642 813 1687 ventres
837 1634 990 1686 hauri
1025 1638 1120 1686 ant
1144 1633 1324 1686 subter
1347 1649 1601 1700 equorum

239 1702 506 1768 Cornibus,
532 1708 587 1756 et
610 1710 804 1756 terram
827 1702 1056 1755 minanti
1078 1708 1256 1754 mente
1278 1701 1517 1755 ruebant.

237 1771 313 1823 At
336 1772 523 1825 validis
548 1774 709 1825 socios
733 1771 1004 1824 caedebant
1030 1771 1276 1824 dentibus
1299 1771 1429 1839 apri,

238 1840 364 1892 'l'ela
388 1839 614 1893 infracta
637 1858 730 1893 suo
747 1842 1010 1907 tingentes
1034 1840 1290 1908 sanguine
1316 1839 1457 1907 saevi,

239 1906 338 2029 §In
363 1927 416 1960 se
439 1910 610 1961 fracta
634 1926 727 1961 suo
751 1910 1015 1976 tingentes
1039 1910 1296 1977 sanguine
1320 1909 1428 1961 tela
1443 1908 1515 1979 ¹¹,]

286 1978 637 2045 ermixtasque
661 1977 860 2029 dabant
883 1978 1125 2044 equitum
1148 1979 1492 2046 peditumque
1513 1977 1707 2031 ruinas.
1743 2014 1744 2019 =

238 2045 378 2099 Nam
401 2052 696 2099 transversa
719 2045 854 2098 feros
878 2046 1099 2099 exibant
1122 2047 1297 2099 dentis
1319 2047 1542 2100 adactus

238 2115 281 2168 J
283 2121 510 2179 umento„
534 2119 629 2166 aut
652 2114 871 2183 pedibus
894 2123 1078 2168 ventos
1102 2121 1277 2169 erecta
1298 2117 1576 2184 petebant:
1779 2117 1912 2167 1330

238 2183 636 2252 Nequidquam3
673 2183 920 2251 quoniam
943 2184 1011 2236 ab
1035 2185 1210 2237 nervis
1235 2184 1438 2237 succisa
1458 2185 1662 2239 videres

241 2253 534 2319 Concidere,
559 2259 646 2320 atq
654 2270 716 2304 ue
740 2254 889 2319 gravi
913 2260 1108 2305 terram
1132 2259 1460 2305 consternere
1483 2270 1622 2306 casu.

238 2321 295 2374 Si
321 2340 447 2390 quos
471 2328 596 2374 ante
621 2321 762 2372 domi
786 2322 1008 2374 domitos
1035 2322 1163 2374 satis
1187 2339 1296 2374 esse
1357 2319 1604 2389 utabant,

239 2390 585 2442 Effervescere
608 2390 891 2442 cernebant
913 2392 972 2442 in
994 2390 1148 2443 rebus
1171 2339 1404 2457 agendis,

240 2457 575 2525 VulneribUS,
600 2458 837 2527 clamore,
861 2459 1006 2525 fuga,
1029 2464 1239 2523 terrore,
1263 2458 1530 2512 tumultu:

237 2524 291 2576 N
292 2543 350 2577 ec
373 2531 616 2591 poterant
640 2526 806 2578 ullam
829 2533 1034 2592 partem
1057 2525 1304 2578 reducere
1327 2543 1523 2579 eorum.

237 2591 562 2659 Diffugiebat
585 2595 728 2647 enim
750 2594 957 2648 varium
978 2609 1144 2659 genus
1167 2609 1322 2647 omne
1343 2594 1603 2648 ferarum:

900 2697 922 2718 ⁸
951 2686 1079 2726 Deest
1094 2686 1139 2726 in
1158 2686 1254 2726 ΜΒ.
