2084 3000
733 209 949 263 LIBER
984 208 1301 261 TERTIUS.

174 309 605 377 vermiculorum,
629 309 858 378 ipsaeque
883 309 981 361 sibi
1005 308 1330 363 fabricentur
1351 309 1445 362 ubi
1469 309 1606 374 sint;

169 382 255 433 An
274 382 390 448 jam
413 378 710 448 corporibus
733 379 979 447 perfectis
1001 379 1350 432 insinuentur.

170 450 246 503 At
269 465 454 517 neque,
479 465 574 500 cur
595 448 795 499 faciant
818 448 944 515 ipsae
971 464 1198 515 quareve
1221 448 1474 515 laborent,

1784 212 1851 261 95

1749 446 1850 499 730

171 517 359 571 Dicere
383 514 718 585 suppeditat3
753 532 923 583 neque
948 517 1103 583 enim,
1128 517 1240 569 sine
1264 533 1475 585 corpore
1501 533 1664 584 quum
1691 516 1815 583 siut,

172 586 423 639 sollicitae
447 583 674 636 volitant
695 583 888 636 morbis
911 584 1156 653 alguque,
1179 586 1436 653 fameque.

173 656 371 723 Corpus
396 654 536 706 enim
559 653 728 720 magis
752 652 835 704 his
860 652 1004 704 vitiis
1027 661 1082 705 et
1105 653 1211 705 fine
1234 653 1435 706 laborat
1455 673 1469 716 ;

172 723 246 776 Et
268 723 410 775 mala
432 722 604 775 multa
625 721 834 774 animus
859 728 1081 789 contage
1104 721 1351 788 fungitur
1375 725 1500 789 ejus.

174 792 278 845 Sed
303 797 482 843 tamen
506 790 588 842 his
612 798 722 843 esto
747 789 986 858 quamvis
1009 791 1182 842 facere
1206 789 1338 842 utile
1360 807 1547 858 corpus

176 860 327 924 Quod
352 858 572 911 subeant
592 877 605 922 ;
640 864 712 924 at,
738 859 1081 939 qua-possint,
1106 859 1195 912 via
1217 857 1367 911 nulla
1391 859 1613 912 videtur.

176 928 340 981 Haud
363 928 527 995 igitur
548 928 754 980 faciunt
778 944 965 980 ammae
989 927 1088 980 sibi
1112 944 1326 997 corpora
1348 934 1403 980 et
1425 934 1584 981 artus.

176 997 289 1050 Nec
311 1002 491 1049 tamen
514 1003 608 1064 est,
632 997 727 1065 qui
753 1013 874 1049 cum
898 996 1145 1065 perfectis
1167 997 1506 1049 insinuentur

177 1065 518 1135 Corporibus:
553 1082 724 1134 neque
748 1066 889 1117 enim
913 1072 1164 1134 poterunt
1188 1066 1452 1119 subtiliter
1475 1083 1584 1119 esse

60 1170 67 1175 -
177 1135 437 1188 Connexae
457 1153 473 1199 ς
507 1151 677 1203 neque
700 1150 955 1186 consensu
978 1135 1223 1202 contagia
1243 1135 1386 1188 fient.

246 1203 487 1272 Denique
511 1220 606 1255 eur
628 1203 761 1255 acris
785 1203 1036 1255 violentia
1061 1204 1211 1256 triste
1234 1204 1446 1256 leonum

181 1270 472 1325 Seminium
496 1272 747 1340 sequitur,
770 1271 955 1339 vulpes
979 1271 1145 1338 dolus,
1170 1277 1224 1324 et
1247 1272 1375 1340 fuga
1399 1271 1563 1325 cervis

177 1340 228 1393 A
250 1340 488 1409 patribus
511 1340 684 1406 datur,
708 1346 764 1392 et
787 1339 991 1407 patrius
1013 1356 1177 1408 pavor
1199 1341 1391 1393 incitat
1413 1347 1560 1392 artus
1580 1341 1599 1393 'l

178 1408 252 1462 Et
267 1411 384 1478 jam
407 1415 580 1461 cetera
603 1408 669 1460 de
692 1424 881 1476 genere
905 1407 1018 1476 hoc,
1045 1424 1138 1460 cur
1161 1409 1337 1460 omnia
1359 1408 1604 1461 membris

178 1477 264 1532 Ex
287 1478 505 1532 ineunte
529 1493 640 1531 aevo
663 1485 1010 1545 generascunt
1031 1476 1360 1547 ingenioque,

179 1547 238 1601 Si
261 1563 368 1600 non
391 1553 535 1600 certa
557 1562 650 1598 suo
674 1545 800 1614 quia
822 1545 1019 1598 semine
1042 1546 1363 1615 seminioque

182 1616 277 1669 Vis
299 1615 463 1669 animi
488 1615 686 1684 pariter
709 1614 895 1666 crescit
917 1630 1039 1666 cum
1065 1629 1274 1681 corpore
1297 1630 1504 1683 quoque

182 1684 339 1746 Quod
363 1685 408 1737 si
429 1682 738 1737 immortalis
761 1683 910 1751 foret,
933 1689 988 1736 et
1011 1688 1219 1735 mutare
1243 1682 1430 1735 soleret

183 1754 422 1823 Corpora,
445 1752 722 1822 permixtis
744 1753 1040 1805 animantes
1063 1752 1293 1804 moribus
1316 1756 1520 1805 essent:

180 1822 452 1905 Effugeret
473 1821 618 1874 canis
642 1821 891 1889 Hyrcano
915 1820 980 1873 de
1003 1821 1202 1873 semine
1224 1837 1361 1890 saepe

183 1891 452 1959 Cormgeri
473 1890 741 1944 incursum
763 1890 932 1953 cervi3
967 1895 1315 1958 tremeretque
1338 1906 1433 1959 per
1453 1905 1609 1942 auras

182 1959 338 2013 Aetis
360 1959 610 2028 accipiter
631 1959 855 2027 fugiens,
879 1959 1125 2012 veniente
1148 1958 1419 2022 columba;

184 2028 310 2083 Desi
433 2035 496 2081 nt
519 2028 767 2093 homines,
792 2034 1034 2096 saperent
1057 2028 1171 2081 fera
1194 2027 1346 2081 saecla
1366 2028 1614 2081 ferarum.

259 2045 404 2150 Illud
427 2096 569 2148 enim
590 2096 725 2149 falsa
745 2097 914 2148 fertur
934 2097 1155 2163 ratione,
1179 2096 1319 2164 quod
1342 2097 1512 2165 aiunt,

185 2165 544 2220 Immortalem
571 2164 803 2218 animam
824 2171 1031 2218 mutato
1056 2182 1265 2235 corpore
1287 2164 1445 2218 flecti.

188 2235 341 2299 Quod
365 2239 601 2286 mutatur
623 2233 779 2300 enim,
803 2233 1133 2286 dissolvitur:
1167 2234 1351 2286 interit
1374 2250 1511 2301 ergo·

187 2302 545 2371 'frajiciuntur
565 2302 708 2354 enim
730 2308 922 2370 partes,
945 2309 1106 2370 atque
1128 2301 1309 2354 ordine
1331 2303 1593 2370 migrant3

189 2370 364 2436 Quare
386 2370 599 2424 dissolvi
623 2387 830 2439 quoque
853 2371 1048 2424 debent
1070 2387 1219 2439 posse
1241 2387 1335 2439 per
1356 2380 1519 2437 artus,

188 2440 432 2508 Denique
454 2445 518 2492 ut
540 2439 805 2493 intereant
827 2454 936 2492 una
961 2455 1084 2491 eum
1107 2455 1317 2507 corpore
1340 2449 1562 2492 cunctae.

260 2508 353 2560 Sin
377 2508 581 2560 animas
604 2506 879 2560 hominum
902 2507 1080 2560 dicent
1104 2507 1161 2559 in
1185 2524 1397 2576 corpora
1421 2522 1622 2574 semper

192 2576 279 2629 Ire
300 2576 537 2629 humana
550 2595 567 2641 ς
601 2582 780 2628 tamen
803 2593 1052 2643 quaeram,
1075 2592 1170 2628 cur
1193 2592 1223 2627 e
1247 2575 1472 2643 sapienti

193 2644 373 2700 Stulta
395 2651 554 2715 queat
576 2643 703 2712 fieri,
727 2660 825 2697 nec
846 2645 1079 2714 prudens
1102 2645 1172 2697 sit
1194 2660 1327 2713 puer
1348 2642 1507 2707 ullus,

1750 1134 1851 1188 740

1753 1820 1855 1876 '750
