2084 3000
217 180 318 230 112
838 172 895 226 Τ.
932 171 1264 225 LUORE'HI

219 276 350 329 Rem
373 279 555 328 contra
579 275 849 343 speculum
872 289 1051 341 ponas,
1076 276 1295 340 apparet
1318 272 1527 339 imago:

217 345 475 413 Perpetuo
497 343 658 403 fluere
680 348 744 395 ut
766 359 946 395 noscas
971 358 1000 393 e
1023 357 1234 408 corpore
1258 356 1459 392 summo

216 413 473 465 'sexturas
495 429 669 464 rerum
693 417 892 477 tenues,
916 415 1202 476 tenuesque
1225 408 1432 475 figuras,

215 481 354 548 Ergo
378 481 549 532 multa
569 479 716 532 brevi
741 479 910 548 spatio
934 477 1215 530 simulacra
1237 485 1514 544 geruntur,
1786 480 1892 529 160

217 550 291 602 Ut
314 549 500 603 merito
523 548 657 602 celer
679 548 764 600 his
785 547 940 600 rebus
965 547 1170 599 dicatur
1194 546 1351 613 origo.

215 618 287 670 Et
310 618 459 687 quasi
480 617 650 671 multa
671 616 819 670 brevi
843 616 1012 685 spatio
1036 613 1343 667 submittere
1366 613 1521 667 debet

215 687 444 744 Lumina
467 686 557 754 sol,
579 691 643 738 ut
664 690 917 754 perpetuo
941 685 1050 736 sint
1073 683 1249 736 omnia
1270 682 1455 752 plena;

214 755 302 809 Sic
325 773 358 809 a
379 755 534 808 rebus
556 756 687 808 item
710 754 868 807 simili
890 753 1093 807 ratione
1115 768 1321 805 necesse
1344 757 1425 804 est

215 824 481 894 Temporis
505 824 562 876 in
583 829 781 892 puncto
804 839 978 874 rerum
1005 820 1284 873 simulacra
1307 820 1548 873 ferantur

215 893 394 947 Multa
414 894 581 945 modis
603 891 788 944 multis
811 891 868 942 in
891 894 1109 942 cunctas
1132 889 1367 958 undique
1388 894 1590 957 partes:

217 961 662 1030 Quandoquidem,
687 959 955 1027 speculum
979 974 1309 1027 quocumque
1332 956 1647 1011 obvertimus
1671 957 1790 1025 oris,

215 1030 318 1083 Res
340 1029 415 1081 ibi
436 1028 752 1098 respondent
775 1026 935 1078 simili
956 1027 1125 1079 forma
1147 1031 1307 1096 atque
1328 1026 1509 1079 colore.

285 1098 558 1163 Praeterea,
576 1095 728 1148 modo
751 1111 914 1164 quum
935 1094 1099 1148 fuerit
1121 1095 1469 1163 liquidissima
1491 1093 1609 1147 coeli

214 1166 529 1234 Tempestas,
553 1180 806 1233 perquam
828 1163 1002 1216 subito
1025 1163 1090 1215 fit
1112 1163 1325 1216 turbida
1347 1163 1483 1216 foede
1782 1163 1889 1217 170

214 1235 488 1302 Undique3
524 1233 606 1285 uti
630 1231 869 1285 tenebras
893 1249 1071 1285 omnes
1094 1232 1402 1285 Acherunta
1421 1231 1582 1285 rearis

213 1303 467 1371 Liquisse‚
490 1307 545 1355 et
567 1317 786 1369 magnas
808 1301 927 1354 coeli
949 1300 1232 1370 complesse
1254 1316 1501 1354 cavernas
1523 1318 1540 1364 3

214 1372 389 1440 Usque
411 1370 555 1439 ade0,
580 1375 720 1425 tetra
741 1369 1038 1423 nimborum
1061 1375 1216 1422 nocte
1239 1374 1429 1436 coorta,

215 1440 530 1510 Impendent
553 1445 681 1492 atrae
705 1438 998 1492 formidinis
1021 1455 1112 1491 ora
1136 1454 1373 1507 superne.

216 1510 449 1574 Quorum
473 1508 730 1578 quantula
752 1525 872 1577 pars
895 1508 964 1560 sit
989 1508 1179 1575 imagQ
1204 1507 1375 1560 dicere
1398 1522 1549 1560 nemo
1580 1508 1661 1560 est

215 1579 319 1645 Qui
341 1578 519 1648 possit,
542 1594 713 1646 neque
735 1593 853 1630 eam
874 1576 1134 1630 rationem
1154 1574 1372 1629 reddere
1395 1575 1567 1629 dictis.

683 1693 764 1747 De
786 1693 1035 1748 celeritate
1057 1692 1415 1748 simulacrum.

282 1781 438 1835 Nunc
460 1797 573 1848 age,
599 1796 760 1847 quam
782 1779 939 1832 celeri
960 1783 1111 1832 motu
1135 1778 1416 1831 simulacra
1437 1777 1692 1844 ferantur,

213 1848 285 1901 Et
308 1865 423 1917 quae
446 1848 709 1901 mobilitas
731 1847 837 1899 illis
861 1846 1197 1902 tranantibus
1221 1863 1375 1899 auras

215 1917 445 1969 Reddita
467 1917 551 1983 sit,
575 1916 730 1983 longo
753 1916 922 1983 spatio
945 1921 1008 1968 ut
1028 1915 1202 1968 brevis
1223 1915 1353 1968 hora
1374 1918 1590 1981 teratur,

214 1985 281 2038 In
305 2000 665 2054 quemcunque
686 1984 861 2036 locum
884 1984 1087 2038 diverso
1108 1984 1326 2037 numine
1348 1983 1590 2049 tendunt,
1782 1983 1885 2036 180

213 2052 506 2107 Suavidicis
530 2052 720 2121 potius,
745 2067 904 2119 quam
926 2052 1127 2120 multis,
1150 2052 1381 2106 versibus
1406 2052 1582 2105 edam:

212 2121 414 2175 Parvus
436 2126 498 2175 ut
520 2126 599 2174 est
623 2122 776 2190 cycni
797 2121 979 2175 melior
1001 2138 1174 2187 canor,
1196 2122 1287 2174 ille
1310 2137 1505 2189 gruum
1527 2135 1688 2188 quam

212 2190 432 2258 Clamor,
456 2191 514 2242 in
538 2190 765 2243 aetheriis
788 2190 1051 2259 dispersus
1073 2189 1301 2242 nubibus
1324 2189 1503 2242 austri.

281 2259 564 2328 PrincipiO,
587 2276 817 2329 persaepe
840 2260 981 2312 leves
1003 2275 1087 2311 res
1109 2265 1269 2327 atque
1291 2257 1511 2310 minutis

213 2327 520 2397 Corporibus
542 2329 726 2396 factas,
750 2328 940 2381 celeres
963 2327 1090 2379 licet
1113 2343 1222 2379 esse
1245 2325 1436 2379 videre.

212 2395 282 2447 In
306 2412 408 2464 quo
423 2399 539 2464 jam
561 2414 750 2463 genere
772 2400 854 2448 est
878 2396 998 2447 solis
1021 2395 1133 2461 lux,
1158 2399 1212 2447 et
1235 2411 1397 2462 vapor
1420 2395 1531 2460 ejus
1544 2412 1560 2458 ς

211 2462 492 2531 Propterea
515 2464 637 2530 quia
660 2470 785 2515 sunt
809 2480 838 2514 e
860 2463 1041 2530 primis
1066 2463 1210 2514 fact-a
1231 2463 1481 2525 minutis;

213 2531 341 2593 Quoe
365 2532 515 2598 quasi
538 2530 820 2596 cuduntur,
843 2546 1037 2598 perque
1061 2530 1197 2581 aeris
1222 2530 1563 2581 intervallum

211 2597 333 2648 Non
356 2597 604 2649 dubitant
627 2597 863 2660 transire,
888 2597 1127 2662 sequenti
1150 2597 1355 2648 concita
1377 2597 1549 2666 plaga.

211 2662 590 2731 Suppeditatur
614 2664 754 2715 enim
777 2663 1051 2715 confestim
1072 2663 1272 2715 lumine
1295 2664 1489 2730 lumen,
1782 2667 1880 2717 190
