2084 3000
235 184 336 236 196
841 182 898 236 T.
933 181 1267 235 LUORETH

299 282 574 351 Praeterea,
598 298 734 352 saepe
750 294 769 317 ⁶
793 283 1091 336 accendunt
1114 297 1321 352 quoque
1343 284 1487 335 tecta
1510 281 1802 348 domorum,

229 351 303 406 Et
326 351 483 405 celeri
503 351 717 405 flamma
739 349 1082 404 dominantur
1103 352 1162 404 in
1184 349 1384 404 oedibus
1405 350 1548 419 ipsis.

696 464 854 537 Ignis
874 473 921 520 et
928 465 1196 536 fulminis
1217 474 1429 519 natura.

228 549 390 603 Hunc
414 549 512 603 tibi
538 546 786 602 subtilem
809 565 932 601 cum
954 549 1138 618 primis
1161 548 1374 618 ignibus
1398 549 1578 618 ignem

227 618 514 671 Constituit
536 622 730 670 natura
751 617 972 670 minutis
995 617 1225 670 motibus
1249 623 1409 685 atque

227 686 550 757 Corporibus,
573 686 661 739 cui
683 686 762 738 nil
785 687 997 739 omnino
1020 686 1265 739 obsistere
1289 686 1465 755 possit.

225 755 436 809 Transit
458 756 599 809 enim
621 754 796 808 valide
817 755 1021 807 fulmen
1043 772 1139 823 per
1161 753 1358 823 saepta‘¹
1382 754 1668 820 domorum,

226 824 432 878 Clamor
454 824 537 877 uti
560 841 622 877 ac
646 841 828 888 voces;
862 824 1055 877 transit
1074 840 1171 905 per
1194 840 1339 891 saxa,
1361 840 1452 892 per
1476 840 1607 885 sera3

226 891 298 945 Et
321 893 579 962 liquidum
602 898 799 962 puncto
822 892 954 946 facit
976 909 1047 944 aes
1070 909 1130 944 m
1152 898 1384 961 tempore
1408 897 1461 944 et
1484 908 1686 945 aurum.
1797 895 1911 946 230

224 961 387 1015 Curat
408 962 552 1028 item,
577 962 716 1014 vasis
738 961 957 1028 integris
981 960 1108 1013 vina
1129 966 1344 1029 repente

221 1029 553 1097 Diffugiant;
589 1029 715 1098 quia
736 1028 985 1080 nimirum
1008 1029 1164 1082 facile
1187 1029 1363 1082 omnia
1386 1029 1584 1083 circum

223 1097 465 1150 Collaxat
487 1114 602 1149 iare
639 1113 703 1149 ue
727 1097 856 1149 facit
878 1096 1193 1150 lateramina
1215 1098 1329 1150 vasi

223 1165 525 1219 Adveniens
549 1182 611 1218 ca
631 1181 690 1216 or
712 1166 839 1233 ejus,
864 1171 940 1233 ut,
965 1165 1264 1219 insinuatus
1287 1166 1343 1218 in
1369 1167 1555 1235 ipsum,

220 1233 490 1287 Mobiliter
514 1233 717 1287 solvens
741 1233 916 1286 differt
940 1235 1225 1302 primordia
1249 1234 1389 1287 vini:

222 1302 372 1367 Quod
397 1302 518 1356 solis
540 1320 703 1373 vapor
725 1308 940 1356 aetatem
962 1320 1071 1356 non
1093 1321 1242 1373 posse
1266 1304 1479 1357 videtur

218 1371 450 1440 Efficere,
474 1390 510 1425 u
570 1389 637 1425 ue
660 1372 791 1425 adeo
812 1371 1012 1441 pollens
1035 1372 1237 1425 fervore
1261 1389 1499 1425 corusco:

218 1440 387 1495 'l'anto
410 1441 550 1494 mobi
574 1442 648 1494 'or
672 1440 749 1495 vis
772 1447 827 1493 et
850 1440 1203 1493 dominantior
1225 1441 1337 1493 haec
1362 1446 1454 1494 est.

286 1511 337 1564 N
337 1528 442 1564 unc
466 1529 528 1564 ea
551 1528 655 1580 quo
678 1516 832 1579 pacto
856 1510 1156 1578 gignantur,
1182 1516 1236 1563 et
1259 1511 1454 1579 impete
1478 1515 1629 1563 tanto

216 1578 391 1647 Fiant,
415 1585 479 1633 ut
501 1579 701 1649 possint
724 1579 837 1631 ictu
859 1578 1149 1631 discludere
1173 1584 1357 1643 turres,
1785 1586 1891 1636 240

216 1648 525 1702 Disturbare
548 1648 737 1714 domos,
763 1646 985 1700 avellere
1008 1647 1160 1715 tigna
1183 1647 1470 1716 trabesque,
1869 1668 1875 1673 ·

215 1716 286 1768 Et
307 1722 648 1770 monumenta
665 1715 839 1770 viriim
863 1716 1113 1783 demoliri,
1138 1722 1297 1784 atque
1321 1718 1472 1783 ciere,

214 1784 531 1838 Exanimare
553 1786 804 1852 homines,
828 1785 1051 1853 pecudes
1075 1790 1397 1853 prosternere
1421 1786 1628 1854 passim,

214 1853 397 1905 Cetera
419 1854 485 1905 de
508 1870 696 1920 genere
718 1853 816 1905 hoc
841 1870 947 1921 qua
970 1853 1024 1906 vi
1047 1855 1218 1907 facere
1241 1854 1417 1905 omnia
1440 1854 1654 1921 possint,

211 1920 519 1990 Expediam,
543 1936 713 1988 neque
737 1927 791 1972 te
814 1921 871 1972 in
896 1922 1159 1989 promissis
1182 1923 1335 1991 plura
1358 1921 1607 1976 morabor.

381 2033 643 2087 Fulmina
666 2035 730 2087 in
752 2034 1094 2090 crassioribus
1117 2036 1341 2091 nubibus
1361 2047 1407 2092 et
1428 2038 1529 2092 alte
1544 2039 1719 2109 ,qzqul

279 2126 527 2179 Fulmina
549 2125 754 2194 gignier
767 2140 790 2165 ⁶
812 2143 841 2179 e
866 2128 1050 2180 crassis
1076 2129 1184 2182 alte
1220 2147 1285 2182 ue
1308 2130 1605 2199 putandum
1629 2137 1709 2183 est

206 2194 451 2248 Nubibus
474 2195 782 2249 exstructis:
807 2212 928 2248 nam
956 2197 1087 2249 coelo
1109 2197 1203 2249 nul
1284 2215 1477 2266 sereno,

207 2264 260 2317 N
259 2282 318 2318 ec
340 2265 527 2318 leviter
550 2263 724 2316 densis
747 2264 1038 2318 mittuntur
1061 2265 1289 2318 nubibus
1312 2285 1562 2337 unquam.

206 2332 346 2386 Nam
369 2333 526 2386 dubio
550 2333 729 2401 procul
754 2333 852 2385 hoc
875 2332 988 2385 fieri
1010 2335 1292 2388 manifesta
1316 2335 1468 2388 docet
1489 2353 1585 2405 res,

207 2399 358 2464 Quod
380 2418 524 2453 nunc
546 2418 640 2481 per
663 2407 834 2453 totum
857 2408 1198 2454 concrescunt
1220 2405 1344 2455 aera
1367 2404 1532 2456 nubes
1773 2411 1870 2461 250

204 2465 462 2535 Undique,
487 2475 571 2521 uti
594 2467 832 2521 tenebras
856 2485 1032 2520 omnes
1057 2470 1362 2524 Acherunta
1385 2489 1595 2526 reamur

202 2532 452 2601 Liquisse,
477 2542 531 2588 et
554 2553 773 2603 magnas
798 2534 915 2587 coeli
939 2536 1219 2605 complesse
1242 2555 1519 2592 cavernas:

202 2598 380 2667 Usque
402 2602 547 2668 adeO,
573 2608 712 2658 tetra
737 2602 1032 2655 nimborum
1058 2612 1210 2658 nocte
1236 2613 1427 2673 coorta,

298 2687 318 2707 ⁸
351 2693 466 2731 ιοιος
496 2684 591 2725 ΜΒ.
813 2688 832 2716 ⁴
860 2688 991 2733 tectu
1021 2687 1116 2726 Me.
1338 2693 1355 2716 ⁶
1380 2703 1491 2731 nunc
1510 2693 1647 2746 gigan
1675 2694 1770 2736 ΜΒ.
