2084 3000
171 174 262 228 “88
732 172 738 181 '
816 173 871 227 Τ.
910 172 1244 225 LUCRETII

265 280 406 343 Quin
430 280 606 345 etiam,
630 277 804 332 subita
826 279 880 331 vi
903 278 1070 332 morbi
1094 295 1163 331 sae
1253 282 1462 330 coactus

196 349 337 402 Ante
361 347 535 400 oculos
560 347 748 414 aliquis
772 353 987 413 nostros,
1011 354 1076 399 ut
1099 348 1160 399 fu
1180 347 1336 397 minis
1360 347 1488 411 ictu,

199 416 452 483 Concidit,
478 421 531 467 et
556 432 766 483 spumas
790 416 918 481 agit,
942 416 1181 483 ingemit,
1207 420 1260 467 et
1286 414 1466 466 tremit
1490 420 1652 480 artus,

197 485 419 553 Desipit,
445 490 686 536 extentat
710 500 908 550 nervos,
933 490 1221 551 torquetur,
1246 483 1476 548 anhelat,

202 553 568 606 Inconstanter
591 558 645 604 et
669 553 724 604 in
742 552 994 620 jactando
1016 551 1251 605 membra
1274 553 1495 618 fatigat:
1772 553 1878 600 4530

199 620 479 687 Nimirum,
503 621 626 689 quia.
650 622 728 674 vis
750 621 918 673 morbi
942 620 1194 673 distracta
1219 637 1313 688 per
1335 628 1481 672 artus

201 689 402 743 'surbat
424 707 584 758 agens
607 691 855 757 animam,
879 706 1129 758 spumans
1152 700 1217 741 ut
1240 690 1296 740 in
1322 705 1524 756 aequore
1548 687 1683 739 salso

203 756 495 811 'Ventorum
519 758 707 812 validis
730 759 974 811 fervescit
997 757 1197 810 viribus
1219 757 1378 810 unda.

202 826 287 880 Ex
324 834 536 880 nmitur
558 844 708 896 porro
731 827 975 894 gemitus,
999 827 1129 893 quia.
1149 826 1383 878 membra
1406 824 1581 878 dolore

180 845 537 971 ,Affliuntun
563 902 616 948 et
640 897 850 948 omnino
875 896 1014 963 quod
1038 895 1239 947 semina.
1262 894 1402 947 vocis

178 962 518 1032 'Ejiciuntun
542 970 597 1016 et
619 981 705 1017 ore
727 964 865 1015 foras
888 964 1177 1030 glomerata
1200 963 1458 1029 feruntur,

206 1031 324 1097 Qua
346 1032 495 1100 quasi
518 1038 849 1097 consuerunt,
871 1038 928 1084 et
951 1038 1077 1084 sunt
1098 1032 1310 1085 munita.
1330 1032 1455 1083 via‘i.

204 1099 532 1169 Desipientia.
552 1100 629 1166 fit,
654 1100 778 1168 quia.
800 1101 880 1152 vis
902 1101 1068 1152 animi
1091 1107 1253 1168 atque
1275 1101 1475 1153 animai

209 1167 578 1234 Conturbatur,
603 1175 671 1233 et,
694 1175 760 1221 ut
782 1169 949 1232 docui,
974 1169 1144 1222 divisa
1168 1186 1399 1221 seorsum

208 1235 546 1304 Dis'ectatur,
572 1237 751 1289 eodem
776 1237 866 1290 illo
891 1238 1145 1290 distracta
1167 1253 1384 1291 veneno.
1783 1238 1887 1287 500

211 1303 279 1358 In
315 1321 359 1370 e,
381 1304 475 1357 ubi
490 1307 604 1373 jam
627 1306 794 1359 morbi
817 1306 1024 1360 reflexit
1048 1323 1219 1374 causa,
1242 1307 1485 1375 reditque

213 1373 280 1426 In
302 1372 528 1427 latebras
551 1391 671 1427 acer
693 1376 925 1442 corrupti
949 1376 1175 1443 corporis
1198 1375 1388 1428 humor
1400 1392 1415 1438 ς

213 1441 346 1496 Tum
368 1443 518 1513 quasi
543 1443 794 1497 vacillans
816 1444 1048 1513 primum
1072 1444 1355 1512 consurgit,
1380 1451 1434 1496 et
1458 1459 1635 1495 omnes

214 1511 482 1565 Paulatim
505 1513 643 1566 redit
665 1514 723 1565 in
747 1530 942 1579 sensus,
965 1513 1301 1582 animamque
1323 1519 1572 1581 receptat.

184 1641 188 1646 ,
214 1579 347 1634 Haec
370 1582 538 1650 igitur
560 1583 725 1635 tantis
748 1581 842 1634 ubi
864 1580 1058 1635 morbis
1082 1598 1293 1650 corpore
1315 1582 1373 1633 in
1396 1582 1511 1650 ipso

215 1648 512 1718 sectentur,
535 1651 840 1720 miserisque
861 1651 1029 1704 modis
1054 1650 1308 1703 distracta
1328 1649 1592 1703 laborent:

217 1717 322 1772 Cur
343 1719 523 1771 eadem
548 1721 714 1772 credis
738 1721 850 1772 sine
873 1736 1084 1788 corpore
1106 1719 1165 1771 in
1188 1721 1309 1772 aire
1332 1725 1513 1787 aperto

217 1783 348 1839 Cum
371 1787 560 1840 validis
583 1789 754 1841 ventis
777 1794 989 1841 aetatem
1012 1787 1201 1855 degere
1222 1787 1401 1856 posse?

287 1854 358 1907 Et
381 1855 626 1923 quoniam
650 1863 880 1908 mentem
905 1857 1092 1923 sanari,
1118 1873 1302 1925 corpus
1325 1863 1389 1908 ut
1410 1872 1623 1924 aegrnm,

219 1923 503 1989 Cernimus,
525 1929 583 1975 et
603 1923 747 1977 flecti
769 1925 1030 1978 medicina,
1054 1942 1202 1993 posse
1225 1925 1492 1989 videmus;
1791 1926 1896 1977 510

219 1989 286 2047 Id
344 2008 514 2060 noque
537 1993 798 2060 praesagit,
821 1994 1098 2046 mortalem
1120 1994 1297 2047 vivere
1318 2000 1576 2047 mentem:

218 2008 427 2140 Addere
450 2061 589 2112 enim
613 2069 803 2129 partes,
826 2068 923 2114 aut
945 2062 1128 2115 ordine
1150 2062 1390 2131 trajicere
1414 2078 1622 2131 aequum
1646 2067 1740 2128 est,

218 2128 333 2181 Aut
355 2128 501 2181 ahud
527 2146 764 2197 prorsum
788 2130 855 2183 de
877 2147 1084 2184 summa
1106 2131 1380 2184 detrahere
1402 2131 1588 2198 hilum,

221 2197 552 2251 Commutato
575 2199 812 2251 animum
835 2200 1150 2268 quicumque
1172 2200 1409 2252 adoritur
1431 2206 1486 2252 et
1508 2199 1653 2262 infit3

182 2266 335 2338 „Aut
358 2266 518 2319 aliam
542 2268 781 2335 quamvis
802 2275 1050 2321 naturam
1071 2268 1279 2321 flectere
1336 2269 1519 2322 userit:

187 2335 297 2388 eAt
320 2351 489 2403 neque
512 2337 782 2389 transferri
806 2337 905 2389 sibi
929 2344 1106 2456 partes
1129 2353 1227 2389 nec
1249 2338 1321 2389 tri
1395 2338 1416 2389 i
1437 2337 1572 2404 vult,

225 2403 527 2456 Immortale
550 2403 689 2473 quod
712 2412 793 2458 est
817 2406 908 2486 qui
946 2422 1119 2473 quam,
1143 2422 1316 2473 neque
1339 2405 1567 2458 defluere
1590 2404 1773 2457 hilum.

223 2468 360 2522 Nam
384 2472 748 2542 quodcumque
772 2490 879 2525 suis
901 2478 1171 2525 mutatum
1192 2473 1387 2524 finibus
1409 2474 1537 2540 exit,

226 2536 485 2591 Continuo
507 2541 607 2593 hoc
629 2558 766 2593 mors
789 2546 869 2592 est
892 2540 1051 2605 illius,
1076 2540 1217 2606 quod
1239 2541 1347 2591 fuit
1368 2548 1508 2594 ante.

226 2603 365 2670 Ergo
387 2608 595 2659 animus
619 2609 727 2661 sive
751 2607 1003 2673 oegrescit,
1026 2607 1271 2659 mortalia
1294 2608 1447 2673 signa
1801 2611 1908 2660 520

226 2669 416 2738 Mittit,
440 2675 522 2725 uti
547 2675 729 2737 docui3
765 2691 856 2726 seu
878 2673 1113 2725 flectitur
1136 2690 1169 2726 a
1190 2673 1482 2727 medicina:
