2084 3000
766 179 986 232 LIBER
1022 178 1345 243 QUINTUS.
1787 181 1887 230 185

209 280 286 333 Ut
311 297 455 333 nunc
482 298 619 350 saepe
640 281 796 335 boves
822 281 974 334 IAucae
998 281 1135 333 ferro
1158 280 1295 333 male
1317 284 1507 333 mactae

207 349 531 417 Diffugiunt,
556 351 668 402 fera
690 352 835 403 facta
859 350 964 402 suis
988 367 1153 418 quum
1177 350 1349 402 multa
1372 349 1575 401 dedere.

208 418 297 471 Sic
321 418 442 485 fuit,
467 425 531 471 ut
554 418 811 472 facerent:
851 420 939 471 sed
964 420 1059 471 vix
1081 419 1327 486 adducor,
1350 426 1415 471 ut
1437 426 1563 469 ante
1751 419 1884 471 1310

207 486 332 539 Non
357 487 590 556 quierint
612 489 787 541 animo
811 489 1127 557 praesentire,
1152 494 1312 556 atque
1335 488 1525 553 videre,

207 556 382 619 Quam
406 574 681 609 commune
702 557 902 609 malum
924 557 1074 609 fieret
1096 557 1396 625 foedumque
1418 557 1675 608 futurum.

208 624 284 677 Et
307 626 477 691 magis
500 626 558 677 id
580 627 743 694 possis
766 627 969 678 factum
993 626 1307 678 contendere
1330 625 1388 676 in
1411 625 1568 692 omni,

207 693 281 745 In
305 694 465 747 variis
488 696 716 762 mundis,
741 695 887 748 varia
908 694 1113 747 ratione
1136 694 1340 762 creatis,

208 762 382 826 Quam
406 769 548 816 certo
571 769 732 833 atque
754 781 859 816 uno
882 769 1142 816 terrarum
1160 761 1391 831 quolibet
1408 761 1533 814 orbi.

206 831 312 884 Sed
335 832 507 885 facere
529 832 587 885 id
610 850 718 885 non
743 840 855 885 tam
879 833 1123 885 vincendi
1150 849 1240 901 spe
1263 831 1559 896 voluerunt,

207 901 381 964 Quam
405 902 544 969 dare,
603 901 708 954 uod
731 907 999 970 gemerent
1022 902 1212 969 hostes,
1234 900 1440 969 ipsique
1463 899 1648 968 perire,

208 969 314 1034 Qui
337 988 553 1023 numero
568 919 900 1039 (diffidebant,
923 971 1187 1039 armisque
1209 969 1482 1023 vacabant.

275 1037 483 1091 Nexilis
506 1046 631 1092 ante
652 1040 761 1093 fuit
783 1040 957 1108 vestis,
981 1057 1142 1108 quam
1164 1038 1352 1092 textile
1375 1043 1617 1106 tegmem

205 1105 414 1160 'l'extile
437 1113 555 1176 post
576 1108 775 1163 ferrum
797 1115 906 1172 est3
940 1109 1068 1178 quia
1089 1109 1225 1161 ferro
1249 1108 1356 1160 tela
1378 1112 1625 1188 paratur:
1746 1109 1882 1161 1350

203 1174 318 1228 Nec
340 1177 542 1230 ratione
565 1178 674 1231 alia
695 1185 915 1247 possunt
938 1183 1050 1231 tam
1073 1178 1227 1230 laevia
1248 1177 1399 1245 gigm

206 1243 395 1296 Insilia
417 1262 479 1298 ac
501 1246 623 1314 fusi,
645 1247 782 1299 radii
806 1248 1055 1315 scapique
1079 1253 1336 1300 sonantes.

277 1313 348 1366 Et
371 1313 544 1367 facere
567 1321 692 1368 ante
715 1316 853 1368 viros
876 1316 1055 1369 lanam
1076 1322 1268 1367 natura
1291 1313 1476 1382 coegit,

207 1381 380 1445 Quam
402 1382 657 1437 muliebre
678 1401 874 1451 genus;
908 1402 1034 1437 nam
1057 1383 1211 1451 longe
1234 1389 1454 1452 praestat·
1469 1383 1531 1435 in
1551 1386 1683 1451 arte,

203 1450 278 1504 Et
302 1451 542 1505 solertius
566 1459 644 1506 est
667 1453 836 1506 multo
859 1470 1025 1522 genus
1050 1470 1202 1507 omne
1225 1452 1407 1508 virile:

205 1520 468 1588 Agricolae
492 1521 656 1575 donec
679 1523 811 1575 vitio
834 1530 1035 1576 vertere
1060 1523 1226 1576 severi
1245 1541 1260 1587 ;

203 1588 283 1642 Ut
305 1588 648 1644 muliebribus
671 1591 728 1643 id
750 1592 994 1644 manibus
1018 1591 1297 1644 concedere
1320 1589 1533 1658 vellent,

203 1657 383 1727 Atque
405 1658 509 1728 ipsi
530 1659 730 1728 pariter
751 1661 946 1713 durum
969 1660 1184 1713 sufferre
1207 1659 1466 1724 laborem3

202 1727 253 1781 A
315 1744 382 1780 ue
405 1745 558 1797 opere
580 1728 640 1781 in
663 1729 793 1782 duro
817 1730 1070 1782 durarent
1091 1729 1327 1781 membra
1348 1743 1657 1796 manusque.

325 1801 351 1849 t
373 1797 635 1865 specimen
658 1798 890 1865 sationis,
913 1803 969 1850 et
990 1797 1254 1850 insitionis
1278 1797 1422 1864 origo
1695 1840 1702 1849 .
1744 1800 1880 1852 1360

203 1864 331 1933 Ipsa
352 1865 459 1918 fuit
480 1884 655 1919 rerum
679 1868 908 1936 primum
930 1872 1125 1920 natura
1147 1866 1402 1920 creatrix:

203 1933 491 1987 Arboribus
514 1936 763 2004 quoniam
785 1935 957 1989 baccae
982 1936 1303 2004 glandesque
1326 1934 1538 1987 caducae

205 2003 538 2072 Tempestiva
561 2004 758 2058 dabant
780 2005 1047 2074 pullorum
1069 2004 1316 2059 examina
1339 2003 1548 2068 subter3

204 2071 360 2125 Unde
383 2073 544 2125 etiam
565 2073 778 2127 libitum
802 2081 882 2127 est
906 2074 1093 2143 stirpes
1116 2073 1441 2126 committere
1462 2073 1636 2140 ramis,

130 2138 147 2151 ‘
204 2140 278 2193 Et
301 2158 438 2195 nova
460 2142 702 2196 defodere
723 2144 784 2195 in
807 2149 1002 2196 terram
1023 2142 1259 2210 virgulta
1397 2159 1580 2210 agros:

206 2209 340 2263 Inde
363 2210 522 2263 aliam
546 2217 705 2280 atque
727 2211 889 2265 aliam
913 2210 1180 2264 culturam
1204 2211 1277 2262 du
1298 2212 1372 2262 cis
1396 2211 1557 2278 agelli

205 2278 534 2343 Tentabant3
568 2280 774 2333 fructus
812 2297 877 2333 ue
899 2281 1035 2333 feros
1058 2297 1416 2333 mansuescere
1438 2287 1581 2333 terra

205 2346 500 2401 Cernebant
523 2348 779 2417 indulgen
817 2366 863 2417 o,
884 2349 1185 2417 blandeque
1208 2349 1438 2403 colendo.

206 2415 379 2484 Inque
402 2417 514 2469 dies
535 2418 704 2485 magis
727 2418 786 2469 in
807 2425 1042 2471 montem
1066 2417 1341 2470 succedere
1365 2418 1523 2470 silvas

207 2483 489 2552 (legebant,
512 2486 755 2555 infraque
777 2487 954 2539 locum
976 2486 1258 2539 concedere
1282 2486 1472 2539 cultis:
1741 2484 1879 2538 1370

206 2551 383 2619 Prata,
406 2553 569 2620 lacus,
591 2555 744 2623 rivos,
770 2572 823 2607 se
861 2562 969 2608 etes
992 2555 1275 2622 vinetaque
1298 2554 1422 2606 laeta

206 2620 435 2673 Collibus
458 2628 513 2674 et
535 2624 733 2691 campis
756 2630 819 2675 ut
911 2624 1112 2690 berent,
1135 2628 1296 2688 atque
1320 2621 1551 2673 olearum

208 2689 414 2743 Oaerula
435 2690 766 2760 distinguens
788 2692 930 2745 inter
951 2691 1112 2760 plaga
1135 2706 1344 2749 currere
1366 2696 1554 2757 posset,
