2084 3000
744 165 960 221 LIBER
995 163 1284 218 PRIMUS.
1783 163 1853 217 23

156 273 286 341 Sed,
314 274 439 343 quia
461 273 634 327 multa
657 274 756 326 sibi
780 279 1005 326 cernunt
1029 273 1306 340 contraria,
1330 272 1498 324 inesse
1510 284 1544 337 ·,

155 343 234 396 Et
258 344 504 411 fugitant
524 343 585 395 in
608 342 763 395 rebus
787 343 945 394 inane
967 343 1265 410 relinquere
1288 357 1514 423 purum;

157 412 359 465 Ardua
381 412 510 464 dum
532 417 798 478 metuunt,
823 412 1084 463 amittunt
1107 429 1231 465 vera
1254 414 1395 464 viai:
1754 411 1860 462 660

158 480 280 534 Nec
302 498 512 534 rursum
537 487 759 533 cernunt
783 486 1094 548 exemptum
1119 479 1274 532 rebus
1298 480 1472 546 inane,

161 549 364 602 Omnia
387 550 606 617 denseri,
630 550 845 617 fierique
869 566 937 600 ex
960 549 1205 600 omnibus
1229 565 1396 600 unum

161 618 389 687 Corpus,
412 618 491 670 nil
515 617 582 670 ab
605 635 661 670 se
686 618 826 685 quod
850 618 1013 686 possit
1037 617 1252 669 mittere
1275 617 1486 685 raptim,

163 686 390 740 AEstifer
412 687 552 754 ignis
577 687 657 739 uti
680 686 861 738 lumen
879 686 1029 754 jacit,
1054 691 1215 753 atque
1239 702 1518 754 vaporem;

165 752 248 807 Ut
271 755 451 807 videas
475 772 581 806 non
605 771 635 807 e
659 755 868 823 stipatis
892 755 1133 822 partibus
1156 766 1280 806 esse.

242 823 399 887 Quod
425 824 469 875 si
491 824 627 876 forte
650 824 764 875 ulla.
787 823 1011 875 credunt
1033 824 1238 896 mione
1263 827 1467 890 potesse

168 891 336 959 Ignes
359 892 416 943 in
439 898 580 944 coetu
604 892 807 959 stingui
829 898 1186 959 mutarequew
1210 908 1432 960 corpu83

170 960 389 1013 Scilicet
412 977 479 1012 ex
502 961 653 1013 nulla
674 961 847 1012 facere
870 960 928 1011 id
953 961 997 1012 si
1020 967 1173 1028 parte
1196 968 1484 1028 reparcent,

172 1028 395 1081 Occidet
418 1028 486 1081 ad
509 1029 739 1080 nihilum
761 1029 1012 1081 nimirum
1036 1029 1279 1081 funditus
1304 1029 1457 1081 ardor

174 1096 378 1165 Omnis,
401 1103 457 1150 et
480 1114 546 1150 ex
570 1097 739 1149 nihilo
761 1098 892 1149 fient
916 1114 1158 1166 quaecum
1196 1115 1260 1149 ue
1284 1106 1540 1153 creantur.
1758 1097 1860 1150 670

173 1164 318 1236 Nam
341 1166 708 1234 quodcumque
732 1166 836 1219 suis
862 1171 1132 1219 mutatum
1192 1167 1347 1219 nibus
1371 1167 1498 1235 exit,

152 1261 157 1266 ·
176 1234 442 1288 Continuo
465 1234 565 1287 hoo
588 1250 726 1286 mors
751 1239 831 1287 est
854 1234 1013 1301 illiue,
1038 1235 1179 1302 quod
1203 1235 1309 1287 fuit
1332 1241 1489 1300 ante3

177 1303 406 1356 Proinde
429 1302 633 1371 aliquid
658 1319 900 1371 superare
922 1320 1130 1356 necesse
1153 1309 1233 1355 est
1255 1304 1516 1357 incolume
1541 1305 1660 1370 illia,

177 1370 262 1424 Ne
286 1372 386 1424 tibi
408 1389 490 1424 res
515 1371 733 1425 redeant
757 1371 825 1424 ad
848 1372 1018 1424 nilum
1040 1372 1284 1425 funditus
1308 1390 1500 1441 omnes,

180 1440 267 1493 De·
285 1440 556 1509 nihiloque
577 1447 765 1493 renata
787 1441 1011 1494 virescat
1035 1442 1185 1511 copia
1208 1456 1398 1494 rerum.

252 1509 410 1563 Nunc
432 1510 613 1577 igitur,
637 1511 886 1578 quoniam
910 1511 1200 1563 certissima
1222 1527 1436 1579 corpora
1460 1511 1701 1580 quaedam

183 1578 334 1646 Sunt,
361 1596 480 1647 quae
503 1586 813 1632 conservant
835 1586 1084 1632 naturam
1109 1596 1310 1647 semper
1333 1580 1567 1643 eandem,

185 1647 422 1712 Quorum
444 1647 595 1700 abitu
617 1654 714 1701 aut
738 1649 904 1715 aditu,
927 1654 1238 1716 mutatoque
1262 1648 1457 1715 ordine,
1481 1654 1696 1700 mutant

182 1717 445 1769 Naturam
466 1733 564 1783 res,
588 1722 643 1769 et
666 1723 981 1770 convertunt
1005 1734 1219 1785 corpora
1242 1734 1379 1781 sese3

186 1785 327 1838 Scire
350 1784 475 1837 licet
498 1799 604 1836 non
628 1802 736 1838 esse
759 1786 872 1838 haec
896 1787 1053 1854 ignea.
1078 1803 1290 1855 corpora
1311 1802 1502 1840 rerum.
1761 1785 1863 1838 680

186 1854 279 1906 Nil
301 1853 518 1905 referret
541 1854 682 1905 enim
706 1856 947 1922 quaedam
970 1855 1234 1908 discedere
1249 1862 1288 1922 ¹,
1313 1856 1471 1923 abire,

187 1922 363 1990 Atque
386 1921 490 1974 alio
513 1922 747 1989 attribui,
771 1924 1072 1992 mutarique
1097 1924 1278 1976 ordine
1301 1926 1559 1993 quaedam,

188 1991 246 2045 Si
268 1996 480 2044 tantum
503 1991 700 2043 ardoris
723 1999 970 2045 naturam
994 1998 1189 2045 cuncta
1211 1998 1480 2047 tenerent:

191 2061 335 2128 Ignis
358 2060 500 2112 enim
522 2059 659 2112 foret
682 2060 1007 2128 omnimodis,
1034 2062 1401 2131 quodcumque
1425 2068 1637 2115 crearet.

191 2127 401 2195 Verum,
427 2135 490 2181 ut
514 2129 711 2197 opinor,
735 2129 814 2183 ita.
837 2136 943 2182 est:
982 2136 1108 2181 sunt
1132 2131 1372 2199 quaedam
1396 2149 1622 2200 corpora,
1649 2144 1866 2197 quorum

192 2198 494 2263 Concursus,
518 2203 706 2264 motin,
731 2199 870 2264 ordo,
895 2198 1145 2266 positura,
1170 2199 1367 2267 figurae,

191 2264 438 2319 Efficiunt
461 2266 625 2334 ignes,
649 2273 959 2335 mutatoque
982 2266 1163 2319 ordine
1186 2274 1400 2321 mutant

192 2335 478 2398 Naturam3
513 2351 682 2404 neque
707 2341 832 2388 sunt
856 2335 970 2403 igni
995 2335 1256 2403 simulata,
1281 2354 1451 2406 neque
1475 2336 1576 2387 ulli

194 2404 451 2456 Praeterea
472 2404 563 2470 rei,
589 2420 702 2472 quae
728 2421 941 2472 corpora
965 2404 1176 2457 mittere
1200 2406 1366 2474 possit

194 2473 531 2539 Sensibus‚,et
554 2478 755 2526 nostros
780 2473 991 2541 adjectu
1015 2478 1233 2541 tangere
1257 2480 1444 2527 tactus.
1766 2471 1869 2519 690

259 2541 446 2593 Dicere
469 2557 622 2609 porro
647 2541 824 2608 ignem
847 2558 928 2593 res
952 2558 1131 2593 omnes
1155 2549 1277 2606 esse,
1302 2556 1472 2619 neque
1495 2537 1662 2588 ullam

196 2611 319 2665 Rem
346 2626 526 2663 veram
548 2610 608 2661 in
630 2626 849 2662 numero
872 2624 1049 2662 rerum
1072 2616 1322 2675 constare,
1347 2607 1449 2659 msi
1473 2606 1664 2670 ignem,

248 2715 265 2732 ·
292 2712 506 2755 mun-ann
541 2707 636 2746 Me.
823 2712 848 2731 '¹
875 2719 1087 2751 mutuare:
1118 2706 1212 2745 ΜΒ.
1380 2706 1398 2727 ⁸
1428 2699 1695 2743 ‹le-condeta
1725 2695 1818 2734 MS.
