2084 3000
676 186 891 238 LIBER
927 186 1306 240 SECUNDUS.
1757 190 1827 239 43

126 287 312 343 *Nihil
333 305 544 342 mmm
554 287 705 358 ferri
726 287 1172 357 corpusculorum,
1196 288 1284 341 sed
1295 305 1482 358 pressa
1504 305 1540 341 a
1563 285 1831 340 mdioe'bus

719 374 991 425 aeuo-qen
1014 375 1248 426 corpora.

212 441 373 494 Nunc
396 441 539 493 locus
563 446 659 508 est,
682 447 746 493 ut
770 441 965 509 opinor,
990 442 1050 492 in
1073 440 1157 493 his
1181 441 1315 493 illud
1341 457 1547 510 quoque
1569 440 1725 493 rebus

142 510 464 563 Confirmare
487 510 600 577 tibi,
625 510 828 562 nullam
850 527 961 562 rem
984 527 1132 579 posse
1158 527 1253 562 sua
1276 510 1331 562 vi

140 578 455 647 Corpoream
479 596 685 631 sursum
706 578 833 630 ferri
857 595 1167 647 sursumque
1189 596 1377 632 meare.

140 646 226 700 Ne
249 646 354 699 tibi
377 647 505 700 dent
526 648 585 699 in
609 664 669 700 eo
692 647 1024 700 flammarum
1048 663 1263 716 corpora
1284 647 1550 699 fraudem:

142 715 340 768 Sursus
364 716 504 768 enim
527 733 707 768 vorsus
731 716 1042 784 gignuntur,
1067 721 1121 767 et
1145 715 1395 783 augmina
1420 721 1663 768 sumunt:

144 784 219 836 Et
245 801 453 836 sursum
474 784 660 837 nitidae
682 785 862 852 fruges
885 784 1205 851 arbustaque
1229 790 1484 851 crescunt,
1732 788 1830 836 189

145 852 404 921 Pondera,
422 859 683 921 quantum
705 853 764 905 in
782 870 837 905 se
855 860 949 920 est,
968 870 1092 905 cum
1110 853 1351 904 deorsum
1370 859 1564 905 cuncta
1579 853 1831 907 ferantur.

146 921 260 974 Nec
319 939 448 974 uum
471 921 757 975 subsiliunt
781 922 930 988 ignes
953 921 1023 974 ad
1046 927 1191 974 tecta
1214 921 1501 990 domorum,

145 989 221 1042 Et
245 1007 305 1043 ce
326 991 403 1043 eri
425 991 640 1044 flamma
662 991 948 1058 degustant
971 990 1125 1057 tigna
1146 989 1441 1059 trabesque,

146 1058 348 1127 Sponte
371 1077 467 1113 sua
488 1060 661 1112 facere
684 1060 740 1111 id
765 1059 878 1112 sine
899 1059 954 1111 vi
979 1058 1255 1127 subigente
1280 1059 1579 1129 putandum
1602 1064 1708 1111 est:

148 1128 306 1192 Quod
328 1145 508 1196 genuS,
533 1145 564 1181 e
586 1134 766 1181 nostro
789 1145 955 1196 quum
977 1129 1168 1180 missus
1192 1143 1404 1197 corpore
1429 1128 1643 1197 sanguis

148 1196 362 1249 Emicat
386 1197 661 1249 exsultans
685 1197 792 1249 alte
818 1197 1123 1266 spargitque
1147 1213 1396 1251 cruorem.

147 1265 340 1318 Nonne
363 1266 509 1318 vides
534 1266 712 1332 etiam,
736 1273 937 1333 quanta
958 1265 1015 1319 vi
1038 1266 1192 1334 tigna
1215 1266 1491 1336 trabesque

151 1334 392 1403 Respuat
415 1334 606 1387 humor
629 1334 814 1401 aquae'l
850 1334 1003 1401 Nam,
1028 1351 1131 1403 quo
1154 1335 1323 1402 magis
1347 1336 1576 1387 ursimus
1599 1333 1707 1387 alte

147 1403 385 1470 Directa,
409 1408 464 1455 et
485 1420 682 1471 magna
703 1403 759 1456 vi
781 1403 939 1455 multi
962 1404 1244 1471 pressimus
1269 1421 1420 1472 aegre,

151 1471 284 1525 'l'am
307 1472 499 1541 cupide
523 1489 731 1525 sursum
752 1472 973 1526 revomit
995 1473 1165 1540 magis
1190 1479 1348 1541 atque
1369 1472 1611 1540 remittit,

152 1541 283 1594 Plus
307 1550 370 1595 ut
392 1548 544 1611 parte
566 1543 705 1594 foras
729 1546 999 1610 emergant
1023 1542 1388 1609 exsiliantque.
1733 1543 1837 1592 200

151 1610 265 1663 Nec
289 1616 470 1663 tamen
493 1611 620 1677 haec,
645 1616 906 1678 quantum
930 1615 1009 1663 est
1032 1611 1091 1662 in
1116 1628 1184 1677 se,
1209 1609 1528 1676 dubitamus,
1553 1609 1750 1678 opinor,

153 1680 298 1743 Quin
322 1696 549 1732 vacuum
573 1695 667 1747 per
688 1679 848 1731 inane
872 1679 1114 1732 deorsum
1138 1684 1331 1732 cuncta
1353 1679 1606 1731 ferantur.

153 1748 245 1801 Sic
267 1748 434 1815 igitur
456 1747 650 1800 debent
671 1747 897 1800 fiammae
923 1765 1128 1817 quoque
1151 1765 1299 1817 posse
1322 1764 1418 1818 per
1439 1763 1594 1800 auras

153 1817 310 1870 Aeris
334 1833 591 1886 expressae
615 1833 823 1869 sursum
847 1817 1151 1881 succedere3
1187 1833 1510 1886 quamquam

155 1885 410 1952 Pondere,
436 1890 699 1954 quantum
721 1885 780 1936 in
804 1902 859 1937 se
882 1891 977 1953 est,
1002 1885 1243 1938 deorsum
1268 1886 1522 1939 deducere
1544 1888 1788 1954 pugnent
1808 1902 1824 1948 ;

156 1954 560 2023 Nocturnasque
582 1954 739 2021 faces,
764 1954 883 2007 coeli
907 1953 1129 2007 sublime
1153 1955 1403 2019 volantes,

157 2022 347 2075 Nonne
368 2022 515 2076 vides
537 2022 721 2090 longos
745 2022 1082 2075 flammarum
1105 2023 1295 2076 ducere
1317 2027 1536 2090 tractus,

160 2090 228 2143 In
253 2107 607 2172 quascumque
631 2090 779 2143 dedit
802 2097 978 2159 partes
1002 2097 1197 2144 natura
1219 2091 1489 2144 meatum?

158 2159 280 2211 Non
303 2159 487 2212 cadere
508 2177 568 2211 m
588 2165 787 2212 terram
812 2159 1005 2225 stellas,
1026 2165 1085 2211 et
1109 2159 1279 2212 sidera
1302 2160 1505 2212 cernis?

161 2227 250 2281 Sol
273 2229 434 2281 etiam
458 2244 660 2280 summo
684 2228 751 2280 de
774 2228 971 2281 vertice
995 2228 1218 2295 dissipat
1242 2243 1421 2280 omnes
1737 2228 1843 2278 210

161 2296 414 2349 Ardorem
436 2297 494 2349 in
517 2302 709 2366 partes,
735 2301 790 2349 et
812 2296 1015 2349 lumine
1038 2296 1265 2348 conserit
1288 2313 1443 2350 arva:

165 2365 230 2418 In
252 2370 416 2419 terras
438 2365 607 2434 igitur
630 2381 836 2434 quoque
861 2364 983 2417 solis
1005 2365 1244 2431 vergitur
1264 2365 1433 2418 ardor.

162 2434 600 2503 Transversosque
622 2434 798 2487 volare
821 2450 916 2502 per
937 2432 1130 2485 imbres
1154 2432 1380 2486 fulmina
1403 2433 1600 2486 cernis:

163 2503 321 2556 Nunc
343 2502 483 2570 hinc,
506 2519 653 2555 nunc
676 2502 826 2554 illinc
848 2501 1065 2571 abrupti
1089 2501 1316 2553 nubibus
1339 2502 1491 2569 ignes

166 2571 517 2635 Concursant3
553 2571 697 2624 cadit
718 2571 778 2622 in
801 2577 967 2623 terras
990 2572 1072 2623 vis
1094 2569 1338 2622 flammea
1359 2568 1533 2635 vulgo.

235 2640 377 2696 Illud
400 2640 459 2692 in
482 2639 566 2691 his
625 2655 795 2707 uoque
818 2644 874 2691 te
896 2638 1051 2691 rebus
1077 2653 1383 2704 cognoscere
1406 2649 1648 2687 avemus:

168 2708 389 2779 Corpora
412 2725 579 2778 quum
639 2724 845 2761 eorsum
866 2713 1073 2760 rectum
1095 2721 1190 2773 per
1212 2704 1372 2756 inane
1395 2702 1657 2759 feruntur.
