2084 3000
191 204 258 254 82
829 196 885 250 T.
924 196 1264 249 LUCRETII

752 321 834 375 De
858 321 1106 374 varietate
1128 320 1323 373 animi.

267 434 363 486 Est
387 433 548 486 etiam
573 430 715 484 calor
738 430 828 482 ille
852 429 1045 495 animo,
1070 446 1226 497 quem
1250 429 1413 481 sumit
1437 429 1492 481 in
1516 429 1609 493 ira,

196 503 376 568 Quum
400 501 658 567 fervescit,
684 506 739 552 et
761 517 829 551 ex
852 499 1017 551 oculis
1041 498 1203 551 micat
1227 497 1430 552 acribus
1454 498 1620 552 ardor.
1783 501 1890 550 290

194 571 290 623 Est
315 578 369 624 et
392 568 588 636 frigida
609 568 782 621 multa
805 585 975 620 comes
998 567 1298 619 formidinis
1321 583 1466 633 aura,

195 642 330 702 Quae
355 639 458 692 ciet
481 639 743 691 horrorem
766 635 1026 702 membris,
1052 644 1106 689 et
1130 636 1359 688 concitat
1383 645 1542 688 artus.

195 709 292 761 Est
315 708 477 760 etiam
501 724 707 776 quoque
731 706 905 775 pacati
931 712 1102 758 status
1126 704 1265 756 aeris
1288 704 1393 771 ille,

196 777 411 830 Pectore
435 776 718 845 tranquillo
741 775 803 826 fit
829 775 934 841 qui,
959 774 1217 841 vultuque
1241 790 1431 826 sereno.

196 846 299 899 Sed
323 846 481 898 calidi
508 845 627 914 plus
650 852 731 897 est
755 843 874 910 illis,
900 842 1092 910 quibus
1117 842 1259 893 acria
1283 842 1454 906 corda,

197 915 562 982 Iracundaque
586 930 731 964 mens
754 911 911 963 facile
935 911 1225 963 effervescit
1249 911 1306 962 in
1330 911 1435 962 ira:

199 983 312 1047 Quo
336 998 524 1050 genere
546 981 600 1032 in
630 980 812 1048 primis
836 980 915 1031 vis
938 986 1018 1032 est
1045 978 1278 1031 violenta
1300 980 1527 1045 leonum,

200 1051 418 1103 Pectora
440 1050 532 1118 qui
555 1049 769 1100 fremitu
794 1053 1049 1117 rumpunt
1072 1047 1380 1116 plerumque
1404 1055 1685 1115 gementes,

198 1119 249 1171 N
250 1137 309 1171 ec
333 1134 517 1186 capere
541 1117 737 1168 irarum
759 1116 952 1168 fluctus
974 1117 1034 1168 in
1058 1123 1267 1184 pectore
1290 1123 1521 1185 possunt.

199 1189 273 1240 At
297 1194 512 1239 ventosa
533 1185 702 1252 magis
727 1201 997 1237 cervorum
1019 1185 1216 1252 frigida
1237 1202 1386 1237 mens
1410 1192 1504 1253 est,
1783 1187 1888 1236 300

199 1256 272 1308 Et
295 1255 494 1323 gelidas
518 1254 676 1306 citius
701 1270 793 1322 per
816 1254 1015 1306 viscera
1037 1254 1269 1306 eoncitat
1292 1271 1461 1321 auras,

202 1325 329 1388 Quae
353 1323 639 1376 tremulum
660 1322 866 1375 faciunt
887 1322 1134 1375 membris
1158 1323 1382 1375 existere
1402 1328 1621 1375 motum.

199 1393 275 1447 At
298 1400 489 1445 natura
511 1392 670 1444 boum
694 1391 901 1460 placido
922 1390 1093 1458 magis
1114 1393 1237 1444 aere
1259 1391 1409 1458 vivit,

200 1461 311 1516 Nec
335 1461 492 1514 nimis
514 1461 615 1515 ira'i
639 1460 734 1514 fax
757 1476 993 1529 unquam
1017 1458 1231 1513 subdita
1253 1462 1423 1529 percit

201 1530 440 1614 Fumidaz
463 1530 768 1584 suffundens
791 1546 941 1582 coecae
965 1528 1205 1596 caliginis
1229 1531 1437 1582 umbras
1456 1549 1472 1595 ;

201 1599 313 1654 Nec
334 1599 525 1670 gelidis
546 1605 720 1669 torpet
744 1600 862 1652 telis
887 1598 1088 1668 perfixa.
1110 1598 1315 1667 vaporis
1338 1616 1350 1651 z

204 1668 351 1722 Inter
373 1676 621 1737 utrasque
645 1669 748 1720 sita
770 1674 864 1735 est,
889 1684 1064 1721 cervos
1088 1684 1353 1734 saevosque
1376 1668 1563 1720 leones.

272 1738 357 1791 Sic
380 1738 653 1790 hominum
676 1753 841 1804 genus
864 1743 945 1789 est
965 1756 979 1800 3
1003 1736 1242 1803 quamvis
1266 1736 1506 1789 doctrina
1526 1734 1716 1805 politos

205 1805 504 1859 constituat
525 1806 723 1873 pariter
747 1805 1012 1873 quosdam,
1036 1810 1215 1857 tamen
1239 1805 1335 1857 illa
1355 1805 1610 1873 relinquit

204 1874 421 1927 Naturae
445 1875 696 1941 cujusque
718 1874 882 1925 animi
906 1874 1131 1941 vestigia
1152 1873 1336 1942 prima.
1782 1875 1888 1925 310

205 1942 317 1995 Nec
341 1942 596 1995 radicitus
619 1940 773 1993 evelli
797 1941 938 1994 mala
961 1959 1109 2011 posse
1132 1942 1431 2011 putandum
1454 1949 1549 2009 est,

208 2012 348 2075 Quin
374 2009 656 2079 proclivius
679 2009 767 2061 hic
791 2010 895 2063 iras
920 2011 1166 2063 decurrat
1189 2011 1256 2063 ad
1282 2028 1457 2076 acres3

209 2078 310 2133 Ille
331 2086 479 2131 metu
504 2077 662 2130 citius
686 2079 844 2147 paulo
867 2086 1137 2133 tentetur:
1174 2085 1231 2132 at
1254 2079 1345 2131 ille

208 2148 418 2201 Tertius
441 2146 668 2215 accipiat
692 2147 934 2215 quaedam
957 2148 1270 2201 clementius
1294 2165 1475 2216 oequ03

210 2217 380 2285 Inque
403 2215 522 2268 aliis
545 2214 701 2268 rebus
724 2217 909 2270 multis
933 2217 1141 2270 differre
1163 2233 1372 2269 necesse
1394 2225 1474 2269 est

209 2286 441 2340 Naturas
463 2284 739 2337 hominum
761 2287 933 2338 varias
954 2302 1227 2353 moresque
1251 2302 1528 2353 sequaces:

206 2356 444 2421 Quorum
468 2369 563 2420 ego
586 2370 730 2407 nunc
753 2371 955 2423 nequeo
978 2370 1139 2406 caecas
1162 2370 1422 2422 exponere
1447 2371 1645 2421 causas,

210 2423 321 2478 Nec
344 2422 569 2491 reperire
591 2422 881 2491 figurarum
904 2428 985 2475 tot
1008 2423 1239 2489 nomina,
1263 2429 1394 2491 quot
1417 2432 1542 2477 sunt

211 2491 505 2562 Principiis,
529 2492 672 2544 unde
696 2492 810 2544 haec
834 2492 1001 2544 oritur
1023 2492 1288 2543 variantia.
1308 2509 1500 2545 rerum.

213 2560 357 2615 Illud
381 2561 437 2612 in
461 2560 544 2611 his
566 2559 721 2612 rebus
745 2559 924 2612 videor
946 2559 1155 2611 firmare
1178 2565 1395 2627 potesse,
1781 2563 1889 2613 320

213 2631 391 2696 Usque
415 2628 545 2679 adeo
568 2632 879 2679 naturarum
902 2627 1033 2679 vest'
1079 2627 1128 2678 ‘a
1150 2627 1321 2694 linqui

213 2695 458 2760 Parvula,
483 2710 601 2762 quae
624 2700 852 2762 nequeat
873 2694 1009 2746 ratio
1071 2694 1293 2762 epellere
1316 2694 1503 2749 dictis:

2075 2787 2076 2844 1
