2084 3000
168 134 169 137 ¹
189 112 256 162 10
798 113 855 164 Τ.
894 109 1227 162 LUORE'HI

186 207 272 259 Ex
297 208 458 260 oculis
481 225 563 259 res
588 225 808 276 quaeque
829 213 1045 276 repente
1068 211 1249 274 erepta
1271 205 1493 273 periret3

187 275 352 328 Nulla
374 277 428 329 vi
450 277 587 329 foret
609 294 736 328 usus
760 277 917 344 enim,
942 292 1059 344 quae
1084 274 1321 342 partibus
1345 276 1458 342 ejus
1758 276 1859 325 220

186 342 481 397 Discidium
503 362 685 413 parere
707 351 761 397 et
784 361 953 397 nexus
977 343 1240 396 exsolvere
1261 347 1449 410 posset.

189 411 341 475 Quod
363 430 518 480 nunc,
543 419 739 466 aeterno
762 413 888 482 quia
911 416 1155 465 constant
1179 412 1375 463 semine
1398 427 1633 478 quasque,

185 479 367 533 Donec
390 482 469 534 vis
493 481 639 549 obiit,
663 498 781 550 quae
804 499 886 534 res
909 479 1203 535 diverberet
1226 481 1354 546 ictu,

186 548 298 601 Aut
322 551 466 603 intus
490 556 730 630 penetret
752 568 846 619 per
867 550 1063 617 inania,
1089 549 1457 616 dissoluatque‚

187 617 400 670 Nullius
424 619 648 672 entium
674 621 880 689 patitur
900 625 1096 672 natura
1118 618 1300 671 videri.

258 686 531 755 Praeterea,
556 706 899 758 quaecumque
923 693 1188 742 vetustate
1211 692 1418 740 amovet
1443 693 1585 753 aetas,

188 753 246 808 Si
269 757 483 826 penitus
506 758 721 825 perimit
745 774 1055 810 consumens
1078 757 1352 808 materiem
1376 772 1598 821 omnem,

187 823 342 879 Unde
366 827 591 878 animale
615 843 781 893 genus
803 825 1097 893 generatim
1118 824 1177 875 in
1200 824 1403 875 lumina
1426 824 1548 875 vitae
1625 868 1632 875 .

188 891 416 947 Reducit
442 895 654 946 Venus?
689 899 785 946 aut
809 893 1088 945 reductum
1115 892 1319 944 daedala
1343 892 1501 944 tellus

187 959 342 1014 Unde
365 962 477 1027 alit,
501 967 662 1029 atque
685 967 860 1028 auget,
886 961 1177 1028 generatim
1201 959 1395 1028 pabula
1418 961 1686 1028 praebens?
1758 963 1859 1012 230

186 1027 342 1082 Unde
363 1046 523 1096 mare,
545 1030 765 1097 ingenui
787 1030 973 1095 fonteS,
999 1035 1325 1097 externaque
1349 1029 1504 1097 longe
1865 1036 1871 1039 ’

185 1096 436 1149 Flumina
459 1097 834 1166 suppeditant?
869 1098 1010 1150 unde
1035 1098 1201 1150 aether
1225 1098 1395 1150 sidera
1417 1099 1623 1167 pascit?

187 1165 378 1218 Omnia
402 1165 543 1218 enim
565 1166 736 1234 debet,
759 1166 969 1218 mortali
994 1183 1205 1234 corpore
1230 1184 1348 1234 quse
1373 1172 1513 1234 sunt,

185 1233 407 1286 Infinita
430 1240 556 1286 aetas
580 1251 886 1304 consumpse
909 1240 1035 1287 ante
1059 1240 1180 1287 acta
1204 1235 1428 1303 diesque.

187 1302 339 1366 Quod
363 1303 407 1356 si
429 1304 489 1355 in
512 1321 571 1356 eo
595 1304 765 1372 spatio
788 1310 947 1372 atque
971 1310 1097 1356 ante
1121 1309 1242 1356 acta
1266 1309 1421 1356 aetate
1444 1304 1606 1370 fuere,

184 1370 231 1423 E
255 1372 444 1441 quibus
467 1371 581 1425 haec
602 1390 778 1424 rerum
801 1372 1040 1425 consistit
1066 1390 1269 1425 summa
1291 1374 1517 1435 refecta3

185 1439 479 1494 Immortali
504 1447 629 1495 sunt
652 1447 846 1495 natura
868 1442 1093 1512 praedita
1117 1447 1289 1494 certe:

185 1510 348 1563 Haud
370 1512 537 1579 igitur
558 1518 775 1581 possunt
798 1512 868 1564 ad
891 1512 1065 1564 nilum
1088 1528 1308 1580 quaeque
1332 1510 1537 1563 reverti.

252 1579 494 1648 Denique
516 1598 598 1633 res
621 1598 800 1634 omnes
823 1582 1006 1633 eadem
1029 1582 1109 1633 vis
1134 1596 1393 1647 causaque
1417 1577 1577 1643 vulgo

185 1646 486 1715 Oonficeret,
509 1650 613 1701 nisi
635 1650 880 1703 materies
904 1656 1100 1701 aeterna
1123 1653 1327 1699 teneret
1756 1648 1860 1697 240

184 1714 332 1767 Inter
354 1732 409 1767 se
431 1733 575 1768 nexu
597 1718 772 1770 minus
795 1722 889 1768 aut
912 1717 1081 1783 magis
1103 1714 1429 1782 indupedita.

183 1782 375 1835 Tactus
399 1784 540 1836 enim
562 1784 658 1836 leti
681 1785 808 1836 satis
832 1788 968 1835 esset
991 1799 1151 1835 causa
1173 1783 1435 1850 profect03

184 1850 405 1920 Quippe,
429 1851 521 1903 ubi
543 1852 694 1904 nulla
716 1852 888 1903 forent
914 1856 1108 1903 aeterno
1132 1867 1354 1918 corpore,
1380 1867 1601 1919 quorum

183 1919 503 1972 contextum
526 1920 607 1973 vis
630 1919 843 1972 deberet
866 1919 1145 1972 dissolvere
1169 1935 1404 1987 quaeque.

182 1986 256 2040 At
280 2005 437 2054 nunc,
460 1989 601 2040 inter
624 2006 677 2041 se
701 1988 827 2057 quia
849 2005 1018 2040 nexus
1040 1988 1419 2057 principiorum

181 2054 473 2109 Dissimiles
497 2062 754 2124 constant,
780 2062 1079 2124 aeternaque
1101 2056 1345 2109 materies
1368 2063 1462 2123 est,

182 2123 442 2177 Incolumi
464 2131 739 2179 remanent
761 2142 842 2177 res
867 2141 1093 2193 corpore,
1117 2125 1244 2177 dum
1268 2126 1395 2178 satis
1419 2126 1552 2178 acris

182 2191 278 2245 Vis
301 2193 454 2246 obeat
475 2211 570 2262 pro
594 2200 809 2247 textura
832 2195 1088 2262 cujusque
1110 2199 1333 2263 reperta.

182 2261 344 2314 Haud
367 2262 533 2330 igitur
554 2263 694 2315 redit
717 2263 785 2318 ad
809 2262 1038 2315 nihilum
1060 2280 1141 2315 res
1166 2263 1293 2330 ulla,
1319 2263 1410 2316 sed
1434 2280 1612 2316 omnes

177 2329 412 2384 Discidio
436 2331 659 2384 redeunt
681 2331 741 2383 in
765 2348 978 2399 corpora
1000 2331 1259 2384 materiai.
1754 2336 1856 2384 250

249 2399 531 2467 PostremO,
556 2405 779 2468 pereunt
801 2401 1004 2467 imbreS‚
1029 2401 1124 2452 ubi
1148 2417 1233 2452 eos
1256 2404 1407 2468 pater
1431 2399 1598 2452 oether

181 2468 248 2521 In
270 2469 530 2536 gremium
551 2470 735 2521 matris
759 2472 920 2521 terra'i
945 2468 1325 2538 praecipitavit:

178 2537 255 2589 At
276 2538 465 2590 nitidoe
489 2543 714 2605 surgunt
735 2538 928 2604 fruges,
952 2539 1191 2605 ramique
1215 2537 1482 2590 virescunt

178 2604 495 2671 Arboribus;
531 2612 771 2660 crescunt
793 2607 936 2676 ipsae,
959 2607 1195 2676 foetuque
1218 2612 1520 2675 gravantur.
