2084 3000
811 195 1034 249 LIBER
1070 194 1347 249 SEXTUS.
1810 186 1911 248 211

236 293 447 347 Scilicet
469 294 539 347 ad
562 294 790 348 mediam
812 295 1080 363 regionem
1102 296 1270 362 ejecta
1294 294 1400 348 diei

237 362 415 426 Quum
438 370 808 431 convenerunt,
833 364 908 416 ibi
931 364 999 417 ad
1023 364 1158 416 altos
1182 363 1407 431 denique
1427 367 1633 416 montes

237 430 507 482 Contrusae
531 431 696 483 nubes
719 437 982 499 coguntur
1004 432 1162 499 vique
1186 436 1510 500 premuntur.

308 498 552 551 Forsitan
574 498 887 567 AEthiopum
910 500 1124 568 penitus
1150 499 1214 551 de
1237 499 1505 552 montibus
1528 499 1653 551 altis

237 566 460 633 Crescat,
484 566 576 618 ubi
598 567 657 618 in
685 584 800 619 cam
868 585 893 618 s
916 567 1061 620 albas
1086 567 1394 620 descendere
1417 568 1643 636 ningues

235 633 477 687 Tabificis
501 634 700 702 subigit
721 652 782 688 ra
822 635 853 647 ⁰
907 634 984 687 sol
1006 635 1183 687 omnia
1206 635 1453 689 lustrans.

826 745 909 800 De
931 746 1052 801 lacu
1073 746 1291 800 Averni.

302 831 459 912 Nunc
481 848 594 900 age,
620 831 828 884 Averna
850 831 951 885 tibi
977 848 1095 899 quae
1118 831 1226 884 sint
1250 832 1365 885 loca
1388 847 1613 898 cumque
1637 832 1903 900 lacusque,

236 899 318 951 Ex
388 900 545 967 diam,
572 900 717 968 quali
738 905 931 953 natura
953 900 1177 969 praedita
1202 905 1456 953 constent.
1808 902 1911 954 740

350 968 590 1037 rincipio,
614 968 752 1037 quod
778 969 986 1022 Averna
1009 974 1266 1021 vocantur
1287 969 1511 1034 nomine,
1536 968 1591 1020 id
1615 967 1683 1021 ab
1703 986 1761 1022 re

235 1036 549 1105 Impositum
573 1043 669 1105 est,
693 1037 818 1106 quia
841 1043 967 1090 sunt
990 1037 1177 1091 avibus
1199 1037 1460 1091 contraria
1483 1037 1703 1105 cunctis,

231 1105 303 1157 Et
325 1106 535 1173 regione
559 1123 622 1159 ea
646 1106 787 1174 quod
809 1106 924 1159 loca
947 1123 1112 1174 quum
1136 1123 1321 1159 venere
1345 1107 1599 1174 volantes,

235 1173 539 1241 Remigium
562 1174 753 1240 oblitae,
779 1191 1072 1243 pennarum
1090 1175 1208 1227 vela
1228 1175 1526 1241 remittunt,

233 1242 637 1309 Praecipitesque
661 1242 860 1294 cadunt
883 1242 1031 1294 molli
1057 1243 1254 1294 cervice
1277 1243 1505 1309 profusae

233 1309 299 1360 In
328 1316 539 1376 terram,
564 1310 609 1360 si
631 1310 766 1361 forte
789 1310 868 1362 ita
890 1310 995 1361 fert
1018 1316 1213 1362 natura
1235 1310 1496 1372 locorum3

232 1378 344 1429 Aut
368 1378 425 1428 in
449 1394 656 1444 aquam,
682 1378 726 1428 si
749 1377 885 1429 forte
908 1376 1055 1430 lacus
1079 1376 1372 1429 substratus
1395 1378 1608 1430 Averni.

303 1446 408 1497 Hic
433 1446 578 1497 locus
601 1452 681 1497 est
707 1444 894 1497 Cumas
917 1444 1062 1513 apud
1085 1446 1196 1497 acri
1219 1444 1469 1513 sulphure
1492 1447 1741 1500 montesm

234 1514 448 1583 Oppleti
470 1514 654 1567 calidis
677 1514 771 1568 ubi
791 1514 1002 1567 fumant
1023 1513 1264 1567 fontibus
1290 1515 1449 1568 aucti.

411 1635 653 1689 Gornices
674 1635 900 1689 Athenis
922 1634 997 1689 ad
1019 1634 1178 1688 oedem
1201 1635 1457 1689 Minervae
1478 1653 1589 1688 ‘non
1610 1652 1721 1691 esse.

301 1723 397 1776 Est
420 1729 475 1776 et
501 1721 771 1775 Athenaeis
793 1721 851 1773 in
874 1719 1148 1786 moenibus,
1173 1719 1307 1773 arcis
1331 1720 1388 1770 in
1410 1719 1523 1788 ipso
1806 1721 1909 1774 750

234 1792 458 1859 Vertice,
485 1790 717 1843 Palladis
740 1789 809 1843 ad
833 1789 1092 1858 templum
1115 1788 1410 1841 Tritonidos
1433 1788 1601 1855 almae,

233 1862 346 1924 Quo
369 1877 645 1929 nunquam
668 1858 851 1928 pennis
874 1857 1153 1927 appellunt
1177 1873 1389 1925 corpora
1410 1873 1583 1909 raucae

232 1930 484 1996 Cornices,
509 1945 615 1981 non
639 1945 801 1996 quum
822 1927 1031 1980 fumant
1055 1925 1244 1978 altaria
1267 1925 1441 1978 donis:

233 1997 410 2064 Usque
434 1997 562 2049 adeo
584 1996 821 2064 fugitant
843 2013 951 2048 non
973 1995 1078 2047 iras
1102 1993 1336 2048 Palladis
1360 2011 1505 2046 acres

232 2065 487 2132 Pervigili
512 2082 684 2131 causa,
710 2063 926 2118 Graium
949 2069 1013 2115 ut
1037 2063 1271 2116 cecinere
1294 2069 1490 2131 poetae:

233 2134 335 2187 Sed
358 2140 552 2187 natura
573 2133 676 2186 loci
700 2149 831 2201 opus
854 2131 1015 2184 efficit
1037 2132 1154 2199 ipsa
1176 2148 1273 2184 sua
1295 2132 1365 2185 vi.

743 2250 819 2304 In
841 2250 1008 2321 Syria
1030 2249 1400 2321 quadrupedes.

304 2334 373 2386 In
396 2334 547 2403 Syria
570 2353 775 2405 quoque
796 2336 967 2388 fertur
988 2335 1120 2387 item
1143 2335 1286 2388 locus
1311 2353 1436 2403 esse,
1461 2336 1643 2403 videri,

235 2404 610 2471 Quadrupedes
634 2421 838 2472 quoque
862 2420 965 2471 quo
989 2403 1149 2455 simul
1172 2421 1235 2456 ac
1258 2404 1484 2471 vestigia
1509 2405 1739 2472 primum

239 2472 540 2538 Intulerint,
566 2472 797 2539 graviter
821 2472 900 2524 vis
923 2477 1078 2538 cogat
1103 2472 1371 2524 concidere
1395 2473 1523 2540 ipsa,

234 2539 478 2593 Manibus
501 2546 565 2594 ut
589 2541 634 2593 si
656 2540 764 2593 sint
787 2539 922 2592 divis
945 2545 1178 2592 mactata
1200 2546 1429 2608 repente.
1811 2541 1911 2596 760

234 2609 425 2663 Omnia
449 2625 566 2677 quae
590 2608 822 2662 naturali
842 2607 1047 2661 ratione
1069 2616 1358 2675 geruntur-5

739 2701 769 2721 ¹¹⁸
797 2698 841 2735 et
857 2694 959 2735 risui
977 2706 1052 2746 per
1070 2698 1257 2743 montem
1286 2694 1382 2735 ΜΒ.
