2084 3000
186 161 256 210 so
478 136 489 139 ’
817 159 873 212 ω.
912 160 1246 212 mmmmm

185 259 470 325 Nimirum,
495 260 621 328 quia
643 259 816 312 multa
838 260 1151 328 minutaque
1176 262 1374 314 semina
1399 279 1576 316 succos

186 327 442 381 Effieiunt
468 335 523 381 et
547 328 757 381 odorem
782 328 840 379 in
863 335 974 380 toto
998 346 1210 397 corpore
1233 347 1422 387 rerum.

602 436 835 490 Tertiam
859 437 1103 490 animam
1126 455 1224 492 esse
1247 448 1479 493 mntem.

188 527 365 591 Quare
388 528 551 581 etiam
574 533 734 594 atque
758 528 921 581 etiam
943 530 1136 581 mentis
1160 535 1407 583 naturam
1430 531 1722 601 animaeque

188 595 337 649 Scire
360 596 486 651 lieet
510 613 763 665 perquam
789 598 1039 666 pauxillis
1065 615 1175 651 esse
1198 605 1429 653 creatam
1776 606 1885 655 230

187 663 488 718 Seminibus
509 684 523 729 ;
559 666 804 733 quoniam
832 667 1040 733 fugiens
1065 667 1143 718 nil
1168 668 1411 735 ponderis
1434 669 1620 724 aufert.

255 734 369 787 Nec
394 739 574 787 tamen
597 735 711 787 haee
735 735 958 804 simplex
980 734 1131 788 nobis
1154 741 1348 788 natura
1370 738 1609 804 putanda
1632 743 1711 793 est
1726 757 1737 769 ·

186 801 383 855 'l'enuis
407 804 548 856 enim
572 804 815 872 quoedam
837 803 1175 856 moribundos
1198 804 1391 857 deserit
1415 823 1543 858 aura

186 870 369 925 Mixta
391 889 585 941 vapore
607 891 622 936 ;
657 889 819 940 vapor
843 889 994 940 porro
1019 872 1185 925 trahit
1208 874 1334 925 aera.
1357 890 1534 926 secum
1554 893 1570 939 ς

185 939 299 993 Nee
324 940 466 993 calor
488 946 569 992 est
592 940 885 1019 quisquam,
911 941 999 993 eui
1023 957 1130 993 non
1155 941 1224 993 sit
1247 941 1448 994 mixtus
1473 950 1528 995 et
1552 945 1657 998 aer.

190 1008 331 1061 Rara.
354 1008 493 1089 quod
517 1010 632 1075 ejus
656 1025 797 1060 emm
822 1015 1029 1061 constat
1053 1015 1263 1075 natura,
1287 1027 1494 1063 necesse
1518 1018 1598 1065 est

186 1074 340 1129 Aeris
363 1082 505 1128 mter
527 1093 649 1129 eum
672 1077 957 1144 primordia
978 1076 1151 1130 multa
1173 1078 1386 1131 moveri.

256 1144 298 1196 J
298 1161 386 1196 am
409 1144 606 1213 triplex
628 1144 794 1198 animi
817 1150 896 1197 est
919 1145 1088 1213 igitur
1110 1152 1307 1199 natura
1327 1153 1549 1215 reperta.

145 1221 151 1227 '
186 1211 299 1265 Neo
321 1218 501 1265 tamen
524 1212 635 1269 haeo
660 1219 742 1266 sat
765 1219 890 1265 sunt
913 1214 982 1266 ad
1009 1231 1221 1266 sensum
1246 1225 1440 1268 cuncta
1464 1217 1747 1270 creandum
1769 1237 1782 1282 ;

186 1280 279 1333 Nil
302 1281 491 1333 horum
515 1281 763 1349 quoniam
784 1283 973 1352 recipit
995 1299 1145 1335 mens
1170 1300 1317 1352 posse
1342 1301 1516 1337 creare
1772 1291 1877 1340 240

190 1349 476 1403 Semiferos
498 1357 689 1418 motus,
714 1351 956 1419 quaedam
980 1351 1075 1420 qui
1097 1359 1276 1404 mente
1299 1352 1557 1408 volutant.

576 1458 834 1527 Quartam
857 1458 972 1513 sine
995 1458 1209 1513 nomine
1230 1459 1487 1515 animam.

187 1553 389 1619 Quarta
416 1570 622 1624 quoque
645 1554 727 1607 his
751 1554 918 1622 igitur
942 1553 1185 1622 quaedam
1208 1560 1400 1608 natura.
1422 1572 1629 1609 neeesse
1654 1561 1734 1609 est

185 1622 558 1677 Attribuatur:
594 1641 658 1677 ea
680 1630 759 1677 est
783 1624 994 1677 omnino
1017 1623 1246 1675 nominis
1270 1639 1488 1691 expers:

187 1691 306 1754 Qua
327 1709 496 1761 neque
518 1693 763 1746 mobilius
787 1692 1077 1773 quidquam
1101 1708 1271 1759 neque
1295 1692 1508 1745 tenuius
1532 1698 1726 1760 exstat,

184 1759 296 1812 Neo
317 1763 486 1829 magis
510 1778 539 1814 e
562 1761 736 1830 parvis
761 1766 815 1812 et
838 1760 1058 1812 laenbus
1081 1777 1149 1811 ex
1173 1759 1478 1814 elementis:

185 1828 467 1881 Sensiferos
488 1837 664 1883 motus
688 1845 806 1897 quae
830 1828 1000 1881 diditb
1023 1828 1195 1897 prima.
1217 1845 1310 1897 per
1332 1834 1491 1885 artus.

185 1895 364 1950 Prima
386 1897 555 1950 cietur
578 1898 719 1949 enim
742 1897 916 1965 parvis
939 1897 1174 1966 perfecta
1195 1897 1378 1965 figuris
1397 1915 1414 1962 3

185 1964 318 2018 Inde
341 1965 482 2018 calor
503 1970 678 2018 motus
701 1971 756 2017 et
777 1966 926 2017 venti
948 1982 1088 2019 caeea
1110 1972 1341 2034 potestas

183 2033 428 2102 Accipit3
460 2033 585 2085 inde
607 2035 712 2101 aet,
736 2033 859 2089 inde
883 2035 1060 2086 omnia.
1081 2033 1478 2089 mobilitantur:

184 2101 497 2154 Concutitur
520 2102 747 2169 sanguis,
771 2107 888 2153 tum
911 2103 1110 2155 viscera
1132 2104 1519 2171 persentiscunt
1767 2107 1870 2159 250

184 2170 407 2233 Omnia3
440 2172 714 2239 postremis
737 2170 896 2223 datur
918 2170 1118 2223 ossibus
1142 2176 1301 2239 atque
1323 2172 1583 2241 medullis,

181 2238 304 2292 Sive
326 2239 571 2307 voluptas
593 2246 686 2307 est,
712 2240 821 2292 sive
844 2245 924 2292 est
947 2239 1240 2292 contrarius
1263 2240 1430 2294 ardor.

250 2307 362 2360 Nee
385 2314 579 2360 temere
593 2307 697 2360 huo
721 2308 866 2361 dolor
885 2325 1048 2376 usque
1062 2313 1236 2376 potest
1250 2315 1537 2378 penetrare,
1555 2326 1623 2363 ne
1634 2326 1725 2379 lue
1749 2327 1867 2364 acre

180 2375 493 2429 Permanere
515 2376 729 2442 malum,
753 2376 881 2444 quin
905 2376 1081 2429 omnia
1103 2376 1504 2444 perturbentur:

181 2443 233 2495 U
291 2461 360 2496 ue
383 2444 513 2497 adeo
535 2450 598 2496 ut
620 2445 746 2497 vitae
769 2444 906 2498 desit
928 2445 1089 2510 locust,
1113 2448 1272 2511 atque
1295 2445 1495 2498 animai

180 2510 253 2562 Di
369 2512 381 2525 ⁹
455 2518 480 2565 t
502 2517 676 2581 partes
700 2529 793 2580 per
817 2511 994 2563 caulas
1016 2511 1243 2579 corporis
1267 2528 1459 2565 omnes.

181 2577 283 2631 Sed
306 2597 343 2648 p
364 2597 614 2648 erumque
636 2580 700 2632 fit
721 2581 779 2632 in
803 2595 1005 2631 summo
1028 2578 1179 2647 quasi
1202 2595 1410 2647 corpore
1433 2580 1553 2633 finis

866 2668 886 2695 ὓ
913 2671 1047 2720 eodm
1077 2670 1173 2712 MS.
