<?xml version="1.0" encoding="UTF-8"?>
<!DOCTYPE html PUBLIC "-//W3C//DTD XHTML 1.0 Transitional//EN"
    "http://www.w3.org/TR/xhtml1/DTD/xhtml1-transitional.dtd">
<html xmlns="http://www.w3.org/1999/xhtml" xml:lang="en" lang="en">
 <head>
  <title>
</title>
<meta http-equiv="Content-Type" content="text/html;charset=utf-8" />
  <meta name='ocr-system' content='tesseract 3.04.00' />
  <meta name='ocr-capabilities' content='ocr_page ocr_carea ocr_par ocr_line ocrx_word'/>
</head>
<body>
  <div class='ocr_page' id='page_1' title='image "./tlucretiicaride04carugoog_0091.png"; bbox 0 0 2084 3000; ppageno 0'>
   <div class='ocr_carea' id='block_1_1' title="bbox 671 175 1820 231">
    <p class='ocr_par' dir='ltr' id='par_1_1' title="bbox 671 175 1820 231">
     <span class='ocr_line' id='line_1_1' title="bbox 671 175 1820 231; baseline -0.002 -1"><span class='ocrx_word' id='word_1_1' title='bbox 671 177 889 231; x_wconf 84' lang='lat' dir='ltr'><strong>LIBER</strong></span> <span class='ocrx_word' id='word_1_2' title='bbox 923 175 1303 231; x_wconf 81' lang='lat' dir='ltr'>SECUNDUS.</span> <span class='ocrx_word' id='word_1_3' title='bbox 1755 175 1820 229; x_wconf 83' lang='lat'><strong>71</strong></span> 
     </span>
    </p>
   </div>
   <div class='ocr_carea' id='block_1_2' title="bbox 144 275 1861 2676">
    <p class='ocr_par' dir='ltr' id='par_1_2' title="bbox 144 275 1861 2676">
     <span class='ocr_line' id='line_1_2' title="bbox 144 275 1619 346; baseline -0.003 -14"><span class='ocrx_word' id='word_1_4' title='bbox 144 279 312 333; x_wconf 86' lang='lat' dir='ltr'><strong>Plura</strong></span> <span class='ocrx_word' id='word_1_5' title='bbox 336 278 435 332; x_wconf 87' lang='lat' dir='ltr'><strong>sibi</strong></span> <span class='ocrx_word' id='word_1_6' title='bbox 458 282 746 345; x_wconf 83' lang='lat' dir='ltr'><strong>assumunt,</strong></span> <span class='ocrx_word' id='word_1_7' title='bbox 770 294 928 346; x_wconf 86' lang='lat' dir='ltr'><strong>quam</strong></span> <span class='ocrx_word' id='word_1_8' title='bbox 950 277 1016 330; x_wconf 91' lang='lat' dir='ltr'><strong>de</strong></span> <span class='ocrx_word' id='word_1_9' title='bbox 1040 294 1096 331; x_wconf 84' lang='lat' dir='ltr'><strong>se</strong></span> <span class='ocrx_word' id='word_1_10' title='bbox 1119 294 1180 331; x_wconf 84' lang='lat' dir='ltr'><strong>co</strong></span> <span class='ocrx_word' id='word_1_11' title='bbox 1272 293 1334 330; x_wconf 79' lang='lat' dir='ltr'><strong>ra</strong></span> <span class='ocrx_word' id='word_1_12' title='bbox 1358 275 1584 329; x_wconf 80' lang='lat' dir='ltr'><strong>mittunt</strong></span> <span class='ocrx_word' id='word_1_13' title='bbox 1604 291 1619 338; x_wconf 73' lang='grc' dir='ltr'>ς</span> 
     </span>
     <span class='ocr_line' id='line_1_3' title="bbox 144 344 1580 412; baseline -0.003 -11"><span class='ocrx_word' id='word_1_14' title='bbox 144 349 295 401; x_wconf 90' lang='lat' dir='ltr'><strong>Dum</strong></span> <span class='ocrx_word' id='word_1_15' title='bbox 317 347 471 401; x_wconf 81' lang='lat' dir='ltr'><strong>facile</strong></span> <span class='ocrx_word' id='word_1_16' title='bbox 495 347 553 399; x_wconf 90' lang='lat' dir='ltr'><strong>in</strong></span> <span class='ocrx_word' id='word_1_17' title='bbox 575 364 735 400; x_wconf 81' lang='lat' dir='ltr'><strong>venae</strong></span> <span class='ocrx_word' id='word_1_18' title='bbox 758 347 905 401; x_wconf 76' lang='lat' dir='ltr'><strong>cibus</strong></span> <span class='ocrx_word' id='word_1_19' title='bbox 928 363 1107 401; x_wconf 83' lang='lat' dir='ltr'><strong>omnes</strong></span> <span class='ocrx_word' id='word_1_20' title='bbox 1131 347 1189 399; x_wconf 85' lang='lat' dir='ltr'><strong>in</strong></span> <span class='ocrx_word' id='word_1_21' title='bbox 1229 346 1347 412; x_wconf 81' lang='lat' dir='ltr'><strong>&#39;tur,</strong></span> <span class='ocrx_word' id='word_1_22' title='bbox 1372 349 1427 398; x_wconf 87' lang='lat' dir='ltr'><strong>et</strong></span> <span class='ocrx_word' id='word_1_23' title='bbox 1451 344 1580 397; x_wconf 88' lang='lat' dir='ltr'><strong>dum</strong></span> 
     </span>
     <span class='ocr_line' id='line_1_4' title="bbox 146 414 1513 482; baseline -0.003 -12"><span class='ocrx_word' id='word_1_24' title='bbox 146 417 270 470; x_wconf 83' lang='lat' dir='ltr'><strong>Non</strong></span> <span class='ocrx_word' id='word_1_25' title='bbox 293 417 373 469; x_wconf 90' lang='lat' dir='ltr'><strong>ita</strong></span> <span class='ocrx_word' id='word_1_26' title='bbox 395 421 521 468; x_wconf 85' lang='lat' dir='ltr'><strong>sunt</strong></span> <span class='ocrx_word' id='word_1_27' title='bbox 544 415 652 468; x_wconf 86' lang='lat' dir='ltr'><strong>late</strong></span> <span class='ocrx_word' id='word_1_28' title='bbox 675 415 920 482; x_wconf 75' lang='lat' dir='ltr'><strong>dispersa,</strong></span> <span class='ocrx_word' id='word_1_29' title='bbox 944 421 1006 467; x_wconf 92' lang='lat' dir='ltr'><strong>ut</strong></span> <span class='ocrx_word' id='word_1_30' title='bbox 1027 414 1201 468; x_wconf 90' lang='lat' dir='ltr'><strong>multa</strong></span> <span class='ocrx_word' id='word_1_31' title='bbox 1222 414 1513 480; x_wconf 83' lang='lat' dir='ltr'><strong>remittant,</strong></span> 
     </span>
     <span class='ocr_line' id='line_1_5' title="bbox 147 483 1467 554; baseline -0.002 -17"><span class='ocrx_word' id='word_1_32' title='bbox 147 485 222 538; x_wconf 88' lang='lat' dir='ltr'><strong>Et</strong></span> <span class='ocrx_word' id='word_1_33' title='bbox 245 485 367 554; x_wconf 85' lang='lat' dir='ltr'><strong>plus</strong></span> <span class='ocrx_word' id='word_1_34' title='bbox 389 483 633 552; x_wconf 77' lang='lat' dir='ltr'>dispendi</span> <span class='ocrx_word' id='word_1_35' title='bbox 657 483 870 550; x_wconf 80' lang='lat' dir='ltr'><strong>faciant,</strong></span> <span class='ocrx_word' id='word_1_36' title='bbox 894 500 1055 551; x_wconf 82' lang='lat' dir='ltr'><strong>quam</strong></span> <span class='ocrx_word' id='word_1_37' title='bbox 1077 483 1305 537; x_wconf 72' lang='lat' dir='ltr'><strong>vescitur</strong></span> <span class='ocrx_word' id='word_1_38' title='bbox 1327 486 1467 537; x_wconf 77' lang='lat' dir='ltr'><strong>aetas.</strong></span> 
     </span>
     <span class='ocr_line' id='line_1_6' title="bbox 148 550 1406 619; baseline -0.002 -14"><span class='ocrx_word' id='word_1_39' title='bbox 148 553 292 606; x_wconf 82' lang='lat' dir='ltr'><strong>Nam</strong></span> <span class='ocrx_word' id='word_1_40' title='bbox 316 558 455 606; x_wconf 85' lang='lat' dir='ltr'><strong>eerte</strong></span> <span class='ocrx_word' id='word_1_41' title='bbox 477 552 638 605; x_wconf 88' lang='lat' dir='ltr'><strong>fluere</strong></span> <span class='ocrx_word' id='word_1_42' title='bbox 661 569 724 606; x_wconf 81' lang='lat' dir='ltr'><strong>ac</strong></span> <span class='ocrx_word' id='word_1_43' title='bbox 748 552 993 605; x_wconf 74' lang='lat' dir='ltr'>decedere</span> <span class='ocrx_word' id='word_1_44' title='bbox 1015 568 1230 619; x_wconf 85' lang='lat' dir='ltr'><strong>corpora</strong></span> <span class='ocrx_word' id='word_1_45' title='bbox 1251 550 1406 605; x_wconf 82' lang='lat' dir='ltr'><strong>rebus</strong></span> 
     </span>
     <span class='ocr_line' id='line_1_7' title="bbox 151 616 1744 688; baseline -0.003 -15"><span class='ocrx_word' id='word_1_46' title='bbox 151 622 346 687; x_wconf 85' lang='lat' dir='ltr'><strong>Multa,</strong></span> <span class='ocrx_word' id='word_1_47' title='bbox 367 638 555 673; x_wconf 82' lang='lat' dir='ltr'><strong>manus</strong></span> <span class='ocrx_word' id='word_1_48' title='bbox 578 620 812 673; x_wconf 88' lang='lat' dir='ltr'><strong>dandum</strong></span> <span class='ocrx_word' id='word_1_49' title='bbox 834 626 945 673; x_wconf 80' lang='lat' dir='ltr'><strong>est:</strong></span> <span class='ocrx_word' id='word_1_50' title='bbox 981 620 1073 673; x_wconf 87' lang='lat' dir='ltr'><strong>sed</strong></span> <span class='ocrx_word' id='word_1_51' title='bbox 1096 619 1251 688; x_wconf 83' lang='lat' dir='ltr'><strong>plura</strong></span> <span class='ocrx_word' id='word_1_52' title='bbox 1271 617 1516 673; x_wconf 62' lang='lat' dir='ltr'><strong>accedere</strong></span> <span class='ocrx_word' id='word_1_53' title='bbox 1539 616 1744 682; x_wconf 81' lang='lat' dir='ltr'><strong>debent,</strong></span> 
     </span>
     <span class='ocr_line' id='line_1_8' title="bbox 150 688 1437 756; baseline -0.003 -14"><span class='ocrx_word' id='word_1_54' title='bbox 150 690 334 743; x_wconf 81' lang='lat' dir='ltr'><strong>Donec</strong></span> <span class='ocrx_word' id='word_1_55' title='bbox 357 689 617 742; x_wconf 74' lang='lat' dir='ltr'><strong>alescendi</strong></span> <span class='ocrx_word' id='word_1_56' title='bbox 639 705 905 743; x_wconf 84' lang='lat' dir='ltr'><strong>summum</strong></span> <span class='ocrx_word' id='word_1_57' title='bbox 926 688 1149 756; x_wconf 82' lang='lat' dir='ltr'><strong>tetigere</strong></span> <span class='ocrx_word' id='word_1_58' title='bbox 1171 702 1437 740; x_wconf 71' lang='lat' dir='ltr'><strong>cacumen.</strong></span> 
     </span>
     <span class='ocr_line' id='line_1_9' title="bbox 156 753 1835 810; baseline -0.004 0"><span class='ocrx_word' id='word_1_59' title='bbox 156 758 293 810; x_wconf 91' lang='lat' dir='ltr'><strong>Inde</strong></span> <span class='ocrx_word' id='word_1_60' title='bbox 314 757 623 810; x_wconf 76' lang='lat' dir='ltr'><strong>minutatim</strong></span> <span class='ocrx_word' id='word_1_61' title='bbox 645 757 780 810; x_wconf 78' lang='lat' dir='ltr'><strong>vires</strong></span> <span class='ocrx_word' id='word_1_62' title='bbox 803 762 859 810; x_wconf 90' lang='lat' dir='ltr'><strong>et</strong></span> <span class='ocrx_word' id='word_1_63' title='bbox 879 757 1038 809; x_wconf 87' lang='lat' dir='ltr'><strong>robur</strong></span> <span class='ocrx_word' id='word_1_64' title='bbox 1061 755 1308 808; x_wconf 89' lang='lat' dir='ltr'><strong>adultum</strong></span> <span class='ocrx_word' id='word_1_65' title='bbox 1700 753 1835 807; x_wconf 81' lang='lat'>1130</span> 
     </span>
     <span class='ocr_line' id='line_1_10' title="bbox 155 824 1443 894; baseline -0.003 -15"><span class='ocrx_word' id='word_1_66' title='bbox 155 826 395 894; x_wconf 75' lang='lat' dir='ltr'><strong>Frangit,</strong></span> <span class='ocrx_word' id='word_1_67' title='bbox 418 830 472 879; x_wconf 88' lang='lat' dir='ltr'><strong>et</strong></span> <span class='ocrx_word' id='word_1_68' title='bbox 494 825 552 881; x_wconf 84' lang='lat' dir='ltr'><strong>in</strong></span> <span class='ocrx_word' id='word_1_69' title='bbox 574 830 781 893; x_wconf 84' lang='lat' dir='ltr'><strong>partem</strong></span> <span class='ocrx_word' id='word_1_70' title='bbox 802 827 1032 893; x_wconf 78' lang='lat' dir='ltr'><strong>pejorem</strong></span> <span class='ocrx_word' id='word_1_71' title='bbox 1054 824 1279 892; x_wconf 74' lang='lat' dir='ltr'><strong>liquitur</strong></span> <span class='ocrx_word' id='word_1_72' title='bbox 1302 826 1443 875; x_wconf 79' lang='lat' dir='ltr'><strong>aetas.</strong></span> 
     </span>
     <span class='ocr_line' id='line_1_11' title="bbox 157 889 1814 963; baseline -0.004 -16"><span class='ocrx_word' id='word_1_73' title='bbox 157 895 366 963; x_wconf 84' lang='lat' dir='ltr'><strong>Quippe</strong></span> <span class='ocrx_word' id='word_1_74' title='bbox 389 894 600 961; x_wconf 88' lang='lat' dir='ltr'><strong>etenim,</strong></span> <span class='ocrx_word' id='word_1_75' title='bbox 622 899 821 963; x_wconf 83' lang='lat' dir='ltr'><strong>quanto</strong></span> <span class='ocrx_word' id='word_1_76' title='bbox 845 904 926 947; x_wconf 82' lang='lat' dir='ltr'><strong>est</strong></span> <span class='ocrx_word' id='word_1_77' title='bbox 946 910 1028 947; x_wconf 80' lang='lat' dir='ltr'><strong>res</strong></span> <span class='ocrx_word' id='word_1_78' title='bbox 1051 893 1288 960; x_wconf 85' lang='lat' dir='ltr'><strong>amplior,</strong></span> <span class='ocrx_word' id='word_1_79' title='bbox 1311 890 1561 958; x_wconf 75' lang='lat' dir='ltr'><strong>augmine</strong></span> <span class='ocrx_word' id='word_1_80' title='bbox 1584 889 1814 957; x_wconf 72' lang='lat' dir='ltr'><strong>dempta,</strong></span> 
     </span>
     <span class='ocr_line' id='line_1_12' title="bbox 157 961 1432 1031; baseline -0.002 -17"><span class='ocrx_word' id='word_1_81' title='bbox 157 962 232 1015; x_wconf 84' lang='lat' dir='ltr'><strong>Et</strong></span> <span class='ocrx_word' id='word_1_82' title='bbox 255 979 357 1031; x_wconf 88' lang='lat' dir='ltr'><strong>quo</strong></span> <span class='ocrx_word' id='word_1_83' title='bbox 381 962 538 1015; x_wconf 88' lang='lat' dir='ltr'><strong>latior</strong></span> <span class='ocrx_word' id='word_1_84' title='bbox 558 968 654 1029; x_wconf 88' lang='lat' dir='ltr'><strong>est,</strong></span> <span class='ocrx_word' id='word_1_85' title='bbox 678 962 737 1014; x_wconf 90' lang='lat' dir='ltr'><strong>in</strong></span> <span class='ocrx_word' id='word_1_86' title='bbox 758 968 981 1016; x_wconf 72' lang='lat' dir='ltr'><strong>metas</strong></span> <span class='ocrx_word' id='word_1_87' title='bbox 998 961 1233 1030; x_wconf 87' lang='lat' dir='ltr'><strong>undique</strong></span> <span class='ocrx_word' id='word_1_88' title='bbox 1255 965 1432 1030; x_wconf 83' lang='lat' dir='ltr'><strong>partes</strong></span> 
     </span>
     <span class='ocr_line' id='line_1_13' title="bbox 159 1028 1469 1099; baseline -0.002 -16"><span class='ocrx_word' id='word_1_89' title='bbox 159 1031 326 1084; x_wconf 91' lang='lat' dir='ltr'><strong>Plura</strong></span> <span class='ocrx_word' id='word_1_90' title='bbox 345 1031 500 1084; x_wconf 88' lang='lat' dir='ltr'><strong>modo</strong></span> <span class='ocrx_word' id='word_1_91' title='bbox 522 1030 791 1099; x_wconf 78' lang='lat' dir='ltr'><strong>dispergit,</strong></span> <span class='ocrx_word' id='word_1_92' title='bbox 816 1036 871 1087; x_wconf 86' lang='lat' dir='ltr'><strong>et</strong></span> <span class='ocrx_word' id='word_1_93' title='bbox 893 1048 928 1085; x_wconf 81' lang='lat' dir='ltr'><strong>a</strong></span> <span class='ocrx_word' id='word_1_94' title='bbox 950 1047 1004 1083; x_wconf 85' lang='lat' dir='ltr'><strong>se</strong></span> <span class='ocrx_word' id='word_1_95' title='bbox 1182 1047 1243 1082; x_wconf 85' lang='lat' dir='ltr'><strong>ra</strong></span> <span class='ocrx_word' id='word_1_96' title='bbox 1264 1028 1434 1081; x_wconf 85' lang='lat' dir='ltr'><strong>mittit</strong></span> <span class='ocrx_word' id='word_1_97' title='bbox 1452 1047 1469 1092; x_wconf 69' lang='grc' dir='ltr'><strong>ς</strong></span> 
     </span>
     <span class='ocr_line' id='line_1_14' title="bbox 160 1096 1412 1159; baseline -0.001 -8"><span class='ocrx_word' id='word_1_98' title='bbox 160 1099 274 1153; x_wconf 82' lang='lat' dir='ltr'><strong>Nec</strong></span> <span class='ocrx_word' id='word_1_99' title='bbox 297 1098 455 1152; x_wconf 78' lang='lat' dir='ltr'><strong>facile</strong></span> <span class='ocrx_word' id='word_1_100' title='bbox 476 1099 536 1159; x_wconf 76' lang='lat' dir='ltr'><strong>iu</strong></span> <span class='ocrx_word' id='word_1_101' title='bbox 558 1116 718 1152; x_wconf 84' lang='lat' dir='ltr'><strong>venas</strong></span> <span class='ocrx_word' id='word_1_102' title='bbox 742 1099 890 1153; x_wconf 76' lang='lat' dir='ltr'><strong>cibus</strong></span> <span class='ocrx_word' id='word_1_103' title='bbox 914 1099 1082 1155; x_wconf 81' lang='lat' dir='ltr'><strong>omnis</strong></span> <span class='ocrx_word' id='word_1_104' title='bbox 1146 1098 1159 1110; x_wconf 81' lang='lat'><strong>‘</strong></span> <span class='ocrx_word' id='word_1_105' title='bbox 1202 1098 1308 1151; x_wconf 81' lang='lat' dir='ltr'><strong>‘tur</strong></span> <span class='ocrx_word' id='word_1_106' title='bbox 1330 1096 1412 1151; x_wconf 82' lang='lat' dir='ltr'><strong>ei:</strong></span> 
     </span>
     <span class='ocr_line' id='line_1_15' title="bbox 161 1167 1523 1236; baseline -0.002 -16"><span class='ocrx_word' id='word_1_107' title='bbox 161 1168 274 1221; x_wconf 81' lang='lat' dir='ltr'><strong>Nec</strong></span> <span class='ocrx_word' id='word_1_108' title='bbox 299 1167 426 1221; x_wconf 88' lang='lat' dir='ltr'><strong>satis</strong></span> <span class='ocrx_word' id='word_1_109' title='bbox 450 1173 544 1234; x_wconf 91' lang='lat' dir='ltr'><strong>est,</strong></span> <span class='ocrx_word' id='word_1_110' title='bbox 567 1184 662 1236; x_wconf 90' lang='lat' dir='ltr'><strong>pro</strong></span> <span class='ocrx_word' id='word_1_111' title='bbox 685 1184 845 1236; x_wconf 85' lang='lat' dir='ltr'><strong>quam</strong></span> <span class='ocrx_word' id='word_1_112' title='bbox 867 1168 1040 1235; x_wconf 83' lang='lat' dir='ltr'><strong>largos</strong></span> <span class='ocrx_word' id='word_1_113' title='bbox 1064 1172 1323 1220; x_wconf 77' lang='lat' dir='ltr'><strong>exaestuat</strong></span> <span class='ocrx_word' id='word_1_114' title='bbox 1347 1169 1523 1232; x_wconf 75' lang='lat' dir='ltr'><strong>aestus,</strong></span> 
     </span>
     <span class='ocr_line' id='line_1_16' title="bbox 163 1235 1475 1304; baseline 0.001 -16"><span class='ocrx_word' id='word_1_115' title='bbox 163 1236 319 1289; x_wconf 85' lang='lat' dir='ltr'><strong>Unde</strong></span> <span class='ocrx_word' id='word_1_116' title='bbox 342 1242 537 1304; x_wconf 84' lang='lat' dir='ltr'><strong>queant</strong></span> <span class='ocrx_word' id='word_1_117' title='bbox 560 1241 773 1289; x_wconf 81' lang='lat' dir='ltr'><strong>tantum</strong></span> <span class='ocrx_word' id='word_1_118' title='bbox 795 1235 1016 1290; x_wconf 81' lang='lat' dir='ltr'><strong>suboriri</strong></span> <span class='ocrx_word' id='word_1_119' title='bbox 1039 1253 1103 1290; x_wconf 79' lang='lat' dir='ltr'><strong>ae</strong></span> <span class='ocrx_word' id='word_1_120' title='bbox 1127 1235 1475 1304; x_wconf 81' lang='lat' dir='ltr'><strong>suppeditare,</strong></span> 
     </span>
     <span class='ocr_line' id='line_1_17' title="bbox 165 1299 1798 1427; baseline -0.002 -71"><span class='ocrx_word' id='word_1_121' title='bbox 165 1302 470 1427; x_wconf 53' lang='lat' dir='ltr'><strong>gQuantum</strong></span> <span class='ocrx_word' id='word_1_122' title='bbox 494 1319 623 1373; x_wconf 84' lang='lat' dir='ltr'><strong>opus</strong></span> <span class='ocrx_word' id='word_1_123' title='bbox 646 1309 741 1372; x_wconf 83' lang='lat' dir='ltr'><strong>est,</strong></span> <span class='ocrx_word' id='word_1_124' title='bbox 765 1309 835 1371; x_wconf 87' lang='lat' dir='ltr'><strong>et,</strong></span> <span class='ocrx_word' id='word_1_125' title='bbox 859 1305 998 1372; x_wconf 89' lang='lat' dir='ltr'><strong>quod</strong></span> <span class='ocrx_word' id='word_1_126' title='bbox 1022 1305 1150 1357; x_wconf 87' lang='lat' dir='ltr'><strong>satis</strong></span> <span class='ocrx_word' id='word_1_127' title='bbox 1172 1310 1265 1369; x_wconf 85' lang='lat' dir='ltr'><strong>est,</strong></span> <span class='ocrx_word' id='word_1_128' title='bbox 1289 1308 1481 1361; x_wconf 77' lang='lat' dir='ltr'><strong>natura</strong></span> <span class='ocrx_word' id='word_1_129' title='bbox 1503 1317 1697 1355; x_wconf 80' lang='lat' dir='ltr'><strong>novare</strong></span> <span class='ocrx_word' id='word_1_130' title='bbox 1712 1312 1731 1335; x_wconf 79' lang='grc'><em>·</em></span> <span class='ocrx_word' id='word_1_131' title='bbox 1753 1299 1798 1368; x_wconf 62' lang='grc' dir='ltr'><strong><em>ἣ</em></strong></span> 
     </span>
     <span class='ocr_line' id='line_1_18' title="bbox 211 1371 1450 1454; baseline -0.002 -29"><span class='ocrx_word' id='word_1_132' title='bbox 211 1390 301 1425; x_wconf 88' lang='lat' dir='ltr'><strong>ure</strong></span> <span class='ocrx_word' id='word_1_133' title='bbox 323 1373 489 1440; x_wconf 82' lang='lat' dir='ltr'><strong>igitur</strong></span> <span class='ocrx_word' id='word_1_134' title='bbox 510 1378 751 1441; x_wconf 83' lang='lat' dir='ltr'><strong>pereunt,</strong></span> <span class='ocrx_word' id='word_1_135' title='bbox 773 1390 938 1454; x_wconf 67' lang='lat' dir='ltr'><strong>quum</strong></span> <span class='ocrx_word' id='word_1_136' title='bbox 960 1372 1220 1427; x_wconf 77' lang='lat' dir='ltr'><strong>rarefacta</strong></span> <span class='ocrx_word' id='word_1_137' title='bbox 1240 1371 1450 1429; x_wconf 85' lang='lat' dir='ltr'><strong>fluendo</strong></span> 
     </span>
     <span class='ocr_line' id='line_1_19' title="bbox 168 1437 1849 1510; baseline -0.005 -15"><span class='ocrx_word' id='word_1_138' title='bbox 168 1440 321 1510; x_wconf 80' lang='lat' dir='ltr'><strong>Sunt,</strong></span> <span class='ocrx_word' id='word_1_139' title='bbox 346 1447 401 1493; x_wconf 97' lang='lat' dir='ltr'><strong>et</strong></span> <span class='ocrx_word' id='word_1_140' title='bbox 424 1457 589 1510; x_wconf 86' lang='lat' dir='ltr'><strong>quum</strong></span> <span class='ocrx_word' id='word_1_141' title='bbox 611 1446 842 1495; x_wconf 72' lang='lat' dir='ltr'><strong>externis</strong></span> <span class='ocrx_word' id='word_1_142' title='bbox 866 1440 1217 1494; x_wconf 84' lang='lat' dir='ltr'><strong>succumbunt</strong></span> <span class='ocrx_word' id='word_1_143' title='bbox 1240 1440 1415 1492; x_wconf 88' lang='lat' dir='ltr'><strong>omnia</strong></span> <span class='ocrx_word' id='word_1_144' title='bbox 1437 1437 1607 1508; x_wconf 81' lang='lat' dir='ltr'><strong>plagis</strong></span> <span class='ocrx_word' id='word_1_145' title='bbox 1628 1455 1643 1501; x_wconf 89' lang='lat'>;</span> <span class='ocrx_word' id='word_1_146' title='bbox 1712 1437 1849 1487; x_wconf 77' lang='lat'>1140</span> 
     </span>
     <span class='ocr_line' id='line_1_20' title="bbox 171 1507 1557 1591; baseline -0.004 -28"><span class='ocrx_word' id='word_1_147' title='bbox 171 1510 607 1591; x_wconf 84' lang='lat' dir='ltr'><strong>Quandoquidem</strong></span> <span class='ocrx_word' id='word_1_148' title='bbox 630 1511 818 1579; x_wconf 80' lang='lat' dir='ltr'><strong>grandi</strong></span> <span class='ocrx_word' id='word_1_149' title='bbox 842 1510 989 1563; x_wconf 83' lang='lat' dir='ltr'><strong>cibus</strong></span> <span class='ocrx_word' id='word_1_150' title='bbox 1015 1527 1126 1563; x_wconf 84' lang='lat' dir='ltr'><strong>aevo</strong></span> <span class='ocrx_word' id='word_1_151' title='bbox 1149 1510 1374 1576; x_wconf 88' lang='lat' dir='ltr'><strong>denique</strong></span> <span class='ocrx_word' id='word_1_152' title='bbox 1397 1507 1557 1559; x_wconf 88' lang='lat' dir='ltr'><strong>defit:</strong></span> 
     </span>
     <span class='ocr_line' id='line_1_21' title="bbox 170 1576 1498 1632; baseline -0.002 0"><span class='ocrx_word' id='word_1_153' title='bbox 170 1580 283 1632; x_wconf 81' lang='lat' dir='ltr'><strong>Neo</strong></span> <span class='ocrx_word' id='word_1_154' title='bbox 306 1578 600 1632; x_wconf 73' lang='lat' dir='ltr'><strong>tuditantia</strong></span> <span class='ocrx_word' id='word_1_155' title='bbox 621 1596 733 1632; x_wconf 90' lang='lat' dir='ltr'><strong>rem</strong></span> <span class='ocrx_word' id='word_1_156' title='bbox 756 1586 961 1632; x_wconf 84' lang='lat' dir='ltr'><strong>cessant</strong></span> <span class='ocrx_word' id='word_1_157' title='bbox 983 1578 1308 1632; x_wconf 78' lang='lat' dir='ltr'><strong>extrinsecus</strong></span> <span class='ocrx_word' id='word_1_158' title='bbox 1330 1576 1498 1629; x_wconf 90' lang='lat' dir='ltr'><strong>ullam</strong></span> 
     </span>
     <span class='ocr_line' id='line_1_22' title="bbox 173 1645 1424 1716; baseline -0.005 -14"><span class='ocrx_word' id='word_1_159' title='bbox 173 1648 245 1702; x_wconf 83' lang='lat'><strong>00</strong></span> <span class='ocrx_word' id='word_1_160' title='bbox 338 1664 398 1701; x_wconf 87' lang='lat' dir='ltr'><strong>ra</strong></span> <span class='ocrx_word' id='word_1_161' title='bbox 421 1647 685 1714; x_wconf 82' lang='lat' dir='ltr'><strong>conficere,</strong></span> <span class='ocrx_word' id='word_1_162' title='bbox 710 1654 766 1701; x_wconf 90' lang='lat' dir='ltr'><strong>et</strong></span> <span class='ocrx_word' id='word_1_163' title='bbox 788 1647 959 1716; x_wconf 81' lang='lat' dir='ltr'><strong>plagis</strong></span> <span class='ocrx_word' id='word_1_164' title='bbox 982 1647 1176 1699; x_wconf 84' lang='lat' dir='ltr'><strong>infesta</strong></span> <span class='ocrx_word' id='word_1_165' title='bbox 1199 1645 1424 1699; x_wconf 86' lang='lat' dir='ltr'><strong>domare.</strong></span> 
     </span>
     <span class='ocr_line' id='line_1_23' title="bbox 279 1711 1599 1784; baseline -0.002 -17"><span class='ocrx_word' id='word_1_166' title='bbox 279 1732 330 1768; x_wconf 83' lang='lat' dir='ltr'><strong>lc</strong></span> <span class='ocrx_word' id='word_1_167' title='bbox 353 1716 522 1784; x_wconf 81' lang='lat' dir='ltr'><strong>igitur</strong></span> <span class='ocrx_word' id='word_1_168' title='bbox 541 1717 724 1784; x_wconf 80' lang='lat' dir='ltr'><strong>magni</strong></span> <span class='ocrx_word' id='word_1_169' title='bbox 747 1733 952 1784; x_wconf 91' lang='lat' dir='ltr'><strong>quoque</strong></span> <span class='ocrx_word' id='word_1_170' title='bbox 974 1716 1175 1769; x_wconf 83' lang='lat' dir='ltr'><strong>circum</strong></span> <span class='ocrx_word' id='word_1_171' title='bbox 1196 1713 1391 1766; x_wconf 83' lang='lat' dir='ltr'><strong>moenia</strong></span> <span class='ocrx_word' id='word_1_172' title='bbox 1413 1711 1599 1765; x_wconf 86' lang='lat' dir='ltr'><strong>mundi</strong></span> 
     </span>
     <span class='ocr_line' id='line_1_24' title="bbox 174 1782 1439 1853; baseline -0.003 -16"><span class='ocrx_word' id='word_1_173' title='bbox 174 1784 499 1852; x_wconf 80' lang='lat' dir='ltr'><strong>Expugnata</strong></span> <span class='ocrx_word' id='word_1_174' title='bbox 521 1783 726 1838; x_wconf 91' lang='lat' dir='ltr'><strong>dabunt</strong></span> <span class='ocrx_word' id='word_1_175' title='bbox 748 1784 920 1837; x_wconf 84' lang='lat' dir='ltr'><strong>labem</strong></span> <span class='ocrx_word' id='word_1_176' title='bbox 942 1790 1224 1853; x_wconf 83' lang='lat' dir='ltr'><strong>putresque</strong></span> <span class='ocrx_word' id='word_1_177' title='bbox 1246 1782 1439 1834; x_wconf 87' lang='lat' dir='ltr'><strong>ruinas.</strong></span> 
     </span>
     <span class='ocr_line' id='line_1_25' title="bbox 178 1850 1446 1920; baseline -0.002 -15"><span class='ocrx_word' id='word_1_178' title='bbox 178 1853 369 1906; x_wconf 84' lang='lat' dir='ltr'><strong>Omnia</strong></span> <span class='ocrx_word' id='word_1_179' title='bbox 391 1852 547 1905; x_wconf 89' lang='lat' dir='ltr'><strong>debet</strong></span> <span class='ocrx_word' id='word_1_180' title='bbox 569 1853 710 1905; x_wconf 90' lang='lat' dir='ltr'><strong>enim</strong></span> <span class='ocrx_word' id='word_1_181' title='bbox 734 1854 881 1906; x_wconf 86' lang='lat' dir='ltr'><strong>cibus</strong></span> <span class='ocrx_word' id='word_1_182' title='bbox 903 1854 1167 1920; x_wconf 82' lang='lat' dir='ltr'><strong>integrare</strong></span> <span class='ocrx_word' id='word_1_183' title='bbox 1190 1850 1446 1916; x_wconf 80' lang='lat' dir='ltr'><strong>novand0,</strong></span> 
     </span>
     <span class='ocr_line' id='line_1_26' title="bbox 176 1921 1346 1988; baseline -0.002 -15"><span class='ocrx_word' id='word_1_184' title='bbox 176 1921 251 1974; x_wconf 85' lang='lat' dir='ltr'><strong>Et</strong></span> <span class='ocrx_word' id='word_1_185' title='bbox 272 1921 460 1974; x_wconf 85' lang='lat' dir='ltr'><strong>fulcire</strong></span> <span class='ocrx_word' id='word_1_186' title='bbox 484 1922 644 1988; x_wconf 83' lang='lat' dir='ltr'><strong>cibus,</strong></span> <span class='ocrx_word' id='word_1_187' title='bbox 669 1922 816 1974; x_wconf 85' lang='lat' dir='ltr'><strong>eibus</strong></span> <span class='ocrx_word' id='word_1_188' title='bbox 839 1922 1016 1975; x_wconf 87' lang='lat' dir='ltr'><strong>omnia</strong></span> <span class='ocrx_word' id='word_1_189' title='bbox 1038 1926 1346 1974; x_wconf 83' lang='lat' dir='ltr'><strong>sustentare.</strong></span> 
     </span>
     <span class='ocr_line' id='line_1_27' title="bbox 177 1988 1518 2058; baseline -0.002 -16"><span class='ocrx_word' id='word_1_190' title='bbox 177 1989 562 2058; x_wconf 78' lang='lat' dir='ltr'><strong>Nequidquam,</strong></span> <span class='ocrx_word' id='word_1_191' title='bbox 587 1991 834 2058; x_wconf 86' lang='lat' dir='ltr'><strong>quoniam</strong></span> <span class='ocrx_word' id='word_1_192' title='bbox 857 2008 954 2044; x_wconf 85' lang='lat' dir='ltr'><strong>nec</strong></span> <span class='ocrx_word' id='word_1_193' title='bbox 977 2006 1124 2043; x_wconf 81' lang='lat' dir='ltr'><strong>venae</strong></span> <span class='ocrx_word' id='word_1_194' title='bbox 1148 1988 1518 2057; x_wconf 86' lang='lat' dir='ltr'><strong>perpetiuntur</strong></span> 
     </span>
     <span class='ocr_line' id='line_1_28' title="bbox 181 2053 1842 2127; baseline -0.004 -17"><span class='ocrx_word' id='word_1_195' title='bbox 181 2058 333 2122; x_wconf 86' lang='lat' dir='ltr'><strong>Quod</strong></span> <span class='ocrx_word' id='word_1_196' title='bbox 356 2058 484 2112; x_wconf 89' lang='lat' dir='ltr'><strong>satis</strong></span> <span class='ocrx_word' id='word_1_197' title='bbox 507 2065 600 2126; x_wconf 83' lang='lat' dir='ltr'><strong>est,</strong></span> <span class='ocrx_word' id='word_1_198' title='bbox 624 2076 794 2127; x_wconf 90' lang='lat' dir='ltr'><strong>neque</strong></span> <span class='ocrx_word' id='word_1_199' title='bbox 817 2064 1076 2127; x_wconf 80' lang='lat' dir='ltr'><strong>quantum</strong></span> <span class='ocrx_word' id='word_1_200' title='bbox 1099 2075 1230 2126; x_wconf 86' lang='lat' dir='ltr'><strong>opus</strong></span> <span class='ocrx_word' id='word_1_201' title='bbox 1252 2062 1333 2108; x_wconf 85' lang='lat' dir='ltr'><strong>est</strong></span> <span class='ocrx_word' id='word_1_202' title='bbox 1347 2062 1541 2109; x_wconf 87' lang='lat' dir='ltr'><strong>natura</strong></span> <span class='ocrx_word' id='word_1_203' title='bbox 1561 2053 1842 2114; x_wconf 77' lang='lat' dir='ltr'><strong>ministrat.</strong></span> 
     </span>
     <span class='ocr_line' id='line_1_29' title="bbox 181 2120 1861 2195; baseline -0.005 -16"><span class='ocrx_word' id='word_1_204' title='bbox 181 2127 412 2195; x_wconf 89' lang='lat' dir='ltr'><strong>Jamque</strong></span> <span class='ocrx_word' id='word_1_205' title='bbox 435 2128 564 2180; x_wconf 86' lang='lat' dir='ltr'><strong>adeo</strong></span> <span class='ocrx_word' id='word_1_206' title='bbox 586 2128 758 2181; x_wconf 75' lang='lat' dir='ltr'><strong>fracta</strong></span> <span class='ocrx_word' id='word_1_207' title='bbox 779 2134 859 2181; x_wconf 85' lang='lat' dir='ltr'><strong>est</strong></span> <span class='ocrx_word' id='word_1_208' title='bbox 884 2133 1025 2194; x_wconf 82' lang='lat' dir='ltr'><strong>aetas,</strong></span> <span class='ocrx_word' id='word_1_209' title='bbox 1050 2126 1327 2192; x_wconf 84' lang='lat' dir='ltr'><strong>effoetaque</strong></span> <span class='ocrx_word' id='word_1_210' title='bbox 1350 2124 1508 2176; x_wconf 86' lang='lat' dir='ltr'><strong>tellus</strong></span> <span class='ocrx_word' id='word_1_211' title='bbox 1726 2120 1861 2172; x_wconf 76' lang='lat'><strong>1160</strong></span> 
     </span>
     <span class='ocr_line' id='line_1_30' title="bbox 182 2193 1517 2266; baseline -0.003 -18"><span class='ocrx_word' id='word_1_212' title='bbox 182 2195 291 2248; x_wconf 87' lang='lat' dir='ltr'><strong>Vix</strong></span> <span class='ocrx_word' id='word_1_213' title='bbox 315 2196 566 2249; x_wconf 88' lang='lat' dir='ltr'><strong>animalia</strong></span> <span class='ocrx_word' id='word_1_214' title='bbox 588 2213 753 2266; x_wconf 83' lang='lat' dir='ltr'><strong>parva</strong></span> <span class='ocrx_word' id='word_1_215' title='bbox 775 2201 932 2260; x_wconf 84' lang='lat' dir='ltr'><strong>creat,</strong></span> <span class='ocrx_word' id='word_1_216' title='bbox 956 2212 1076 2263; x_wconf 76' lang='lat' dir='ltr'><strong>quse</strong></span> <span class='ocrx_word' id='word_1_217' title='bbox 1100 2200 1293 2247; x_wconf 83' lang='lat' dir='ltr'><strong>cuncta</strong></span> <span class='ocrx_word' id='word_1_218' title='bbox 1317 2193 1517 2245; x_wconf 81' lang='lat' dir='ltr'><strong>creavit</strong></span> 
     </span>
     <span class='ocr_line' id='line_1_31' title="bbox 183 2264 1587 2334; baseline -0.003 -17"><span class='ocrx_word' id='word_1_219' title='bbox 183 2264 365 2331; x_wconf 78' lang='lat' dir='ltr'><strong>Saecla,</strong></span> <span class='ocrx_word' id='word_1_220' title='bbox 391 2264 640 2334; x_wconf 87' lang='lat' dir='ltr'><strong>deditque</strong></span> <span class='ocrx_word' id='word_1_221' title='bbox 662 2266 894 2317; x_wconf 89' lang='lat' dir='ltr'><strong>ferarum</strong></span> <span class='ocrx_word' id='word_1_222' title='bbox 915 2264 1156 2330; x_wconf 83' lang='lat' dir='ltr'><strong>ingentia</strong></span> <span class='ocrx_word' id='word_1_223' title='bbox 1179 2278 1394 2330; x_wconf 83' lang='lat' dir='ltr'><strong>corpora</strong></span> <span class='ocrx_word' id='word_1_224' title='bbox 1414 2266 1587 2329; x_wconf 84' lang='lat' dir='ltr'><strong>partu.</strong></span> 
     </span>
     <span class='ocr_line' id='line_1_32' title="bbox 185 2330 1528 2402; baseline -0.004 -16"><span class='ocrx_word' id='word_1_225' title='bbox 185 2332 362 2400; x_wconf 87' lang='lat' dir='ltr'><strong>Haud,</strong></span> <span class='ocrx_word' id='word_1_226' title='bbox 385 2338 449 2385; x_wconf 88' lang='lat' dir='ltr'><strong>ut</strong></span> <span class='ocrx_word' id='word_1_227' title='bbox 473 2334 669 2402; x_wconf 89' lang='lat' dir='ltr'><strong>opinor,</strong></span> <span class='ocrx_word' id='word_1_228' title='bbox 694 2334 836 2385; x_wconf 92' lang='lat' dir='ltr'><strong>enim</strong></span> <span class='ocrx_word' id='word_1_229' title='bbox 858 2331 1104 2385; x_wconf 87' lang='lat' dir='ltr'><strong>mortalia</strong></span> <span class='ocrx_word' id='word_1_230' title='bbox 1128 2330 1282 2382; x_wconf 76' lang='lat' dir='ltr'><strong>saecla</strong></span> <span class='ocrx_word' id='word_1_231' title='bbox 1305 2346 1528 2398; x_wconf 75' lang='lat' dir='ltr'><strong>superne</strong></span> 
     </span>
     <span class='ocr_line' id='line_1_33' title="bbox 185 2400 1255 2462; baseline -0.003 -8"><span class='ocrx_word' id='word_1_232' title='bbox 185 2400 365 2454; x_wconf 85' lang='lat' dir='ltr'><strong>Aurea</strong></span> <span class='ocrx_word' id='word_1_233' title='bbox 387 2401 453 2454; x_wconf 86' lang='lat' dir='ltr'><strong>de</strong></span> <span class='ocrx_word' id='word_1_234' title='bbox 478 2402 606 2455; x_wconf 85' lang='lat' dir='ltr'>coelo</span> <span class='ocrx_word' id='word_1_235' title='bbox 629 2402 840 2454; x_wconf 80' lang='lat' dir='ltr'><strong>demisit</strong></span> <span class='ocrx_word' id='word_1_236' title='bbox 862 2401 1007 2453; x_wconf 87' lang='lat' dir='ltr'><strong>funis</strong></span> <span class='ocrx_word' id='word_1_237' title='bbox 1030 2400 1088 2451; x_wconf 92' lang='lat' dir='ltr'><strong>in</strong></span> <span class='ocrx_word' id='word_1_238' title='bbox 1112 2415 1255 2462; x_wconf 85' lang='lat' dir='ltr'><strong>arva,</strong></span> 
     </span>
     <span class='ocr_line' id='line_1_34' title="bbox 186 2468 1621 2539; baseline -0.004 -17"><span class='ocrx_word' id='word_1_239' title='bbox 186 2470 297 2522; x_wconf 81' lang='lat' dir='ltr'><strong>Nee</strong></span> <span class='ocrx_word' id='word_1_240' title='bbox 319 2486 477 2535; x_wconf 88' lang='lat' dir='ltr'><strong>mare,</strong></span> <span class='ocrx_word' id='word_1_241' title='bbox 502 2487 600 2524; x_wconf 87' lang='lat' dir='ltr'><strong>nee</strong></span> <span class='ocrx_word' id='word_1_242' title='bbox 622 2471 816 2523; x_wconf 81' lang='lat' dir='ltr'><strong>fluctus</strong></span> <span class='ocrx_word' id='word_1_243' title='bbox 839 2469 1151 2539; x_wconf 82' lang='lat' dir='ltr'><strong>plangentes</strong></span> <span class='ocrx_word' id='word_1_244' title='bbox 1176 2482 1318 2532; x_wconf 83' lang='lat' dir='ltr'><strong>saxa,</strong></span> <span class='ocrx_word' id='word_1_245' title='bbox 1343 2468 1621 2519; x_wconf 84' lang='lat' dir='ltr'><strong>crearunt:</strong></span> 
     </span>
     <span class='ocr_line' id='line_1_35' title="bbox 187 2536 1506 2606; baseline -0.005 -14"><span class='ocrx_word' id='word_1_246' title='bbox 187 2538 289 2592; x_wconf 81' lang='lat' dir='ltr'><strong>Sed</strong></span> <span class='ocrx_word' id='word_1_247' title='bbox 312 2538 498 2606; x_wconf 78' lang='lat' dir='ltr'><strong>genuit</strong></span> <span class='ocrx_word' id='word_1_248' title='bbox 520 2538 677 2592; x_wconf 84' lang='lat' dir='ltr'><strong>tellus</strong></span> <span class='ocrx_word' id='word_1_249' title='bbox 701 2539 896 2606; x_wconf 86' lang='lat' dir='ltr'><strong>eadem,</strong></span> <span class='ocrx_word' id='word_1_250' title='bbox 922 2555 1036 2606; x_wconf 85' lang='lat' dir='ltr'><strong>quae</strong></span> <span class='ocrx_word' id='word_1_251' title='bbox 1059 2553 1203 2589; x_wconf 83' lang='lat' dir='ltr'><strong>nune</strong></span> <span class='ocrx_word' id='word_1_252' title='bbox 1226 2536 1325 2588; x_wconf 91' lang='lat' dir='ltr'><strong>alit</strong></span> <span class='ocrx_word' id='word_1_253' title='bbox 1348 2552 1417 2587; x_wconf 86' lang='lat' dir='ltr'><strong>ex</strong></span> <span class='ocrx_word' id='word_1_254' title='bbox 1441 2550 1506 2586; x_wconf 85' lang='lat' dir='ltr'><strong>se.</strong></span> 
     </span>
     <span class='ocr_line' id='line_1_36' title="bbox 188 2604 1325 2676; baseline -0.004 -16"><span class='ocrx_word' id='word_1_255' title='bbox 188 2607 448 2661; x_wconf 70' lang='lat' dir='ltr'><strong>Praeterea</strong></span> <span class='ocrx_word' id='word_1_256' title='bbox 470 2607 667 2663; x_wconf 85' lang='lat' dir='ltr'><strong>nitidas</strong></span> <span class='ocrx_word' id='word_1_257' title='bbox 690 2607 868 2676; x_wconf 83' lang='lat' dir='ltr'><strong>fruges</strong></span> <span class='ocrx_word' id='word_1_258' title='bbox 892 2607 1176 2674; x_wconf 79' lang='lat' dir='ltr'><strong>vinetaque</strong></span> <span class='ocrx_word' id='word_1_259' title='bbox 1198 2604 1325 2656; x_wconf 78' lang='lat' dir='ltr'><strong>laeta</strong></span> 
     </span>
    </p>
   </div>
   <div class='ocr_carea' id='block_1_3' title="bbox 855 2696 1206 2740">
    <p class='ocr_par' dir='ltr' id='par_1_3' title="bbox 855 2696 1206 2740">
     <span class='ocr_line' id='line_1_37' title="bbox 855 2696 1206 2740; baseline -0.017 1"><span class='ocrx_word' id='word_1_260' title='bbox 855 2706 872 2725; x_wconf 83' lang='lat'><em>⁰</em></span> <span class='ocrx_word' id='word_1_261' title='bbox 903 2700 1028 2740; x_wconf 75' lang='lat' dir='ltr'><strong>Dee-t</strong></span> <span class='ocrx_word' id='word_1_262' title='bbox 1046 2699 1090 2737; x_wconf 86' lang='lat' dir='ltr'><strong>in</strong></span> <span class='ocrx_word' id='word_1_263' title='bbox 1111 2696 1206 2736; x_wconf 71' lang='lat' dir='ltr'><strong>Me.</strong></span> 
     </span>
    </p>
   </div>
  </div>
 </body>
</html>
