2084 3000
743 171 958 224 LIBER
993 170 1307 224 TERTIUS.
1795 172 1864 226 9⁷

112 311 119 316 -
191 276 419 328 Tandem
442 274 500 326 in
523 272 702 326 eodem
726 272 936 326 homine
959 278 1121 341 atque
1143 274 1201 325 in
1225 273 1406 327 eodem
1429 290 1552 329 vase
1574 280 1825 328 maneret.

192 343 339 408 Quod
363 343 611 411 quoniam
632 347 808 393 nostro
832 358 1037 409 quoque
1063 348 1269 395 constat
1293 359 1503 411 corpore
1528 350 1730 397 certum

191 413 612 481 Dispositumque
638 410 862 476 videtur,
887 409 980 462 ubi
1003 426 1114 462 esse
1138 416 1193 463 et
1216 428 1442 464 crescere
1465 412 1629 480 possit

191 481 428 534 Seorsum
450 479 628 531 anima.
650 485 808 547 atque
831 479 1039 531 animus
1058 497 1073 542 3
1111 485 1260 532 tanto
1282 479 1451 548 magis
1474 480 1835 548 inficiandum,

191 550 379 603 'Potum
402 565 549 616 posse
572 553 726 599 extra
749 564 934 614 corpus
959 546 1163 614 durare,
1188 548 1427 616 genique.
1828 548 1832 553 ’

193 619 376 684 Quare,
401 633 585 685 corpus
609 615 702 668 ubi
724 615 943 682 interiit,
967 616 1180 684 periisse
1206 633 1412 670 necesse
1435 623 1515 670 est

192 686 476 741 Oonfiteare
499 685 744 751 animam,
769 684 1078 736 distractam
1102 684 1160 736 in
1185 701 1394 753 corpore
1418 692 1543 739 toto,
1760 689 1862 755 §OQ

262 755 467 824 Quippe
489 753 686 807 etenim
707 752 928 805 mortale
953 758 1149 805 aeterno
1165 755 1403 821 jungere,
1428 760 1483 807 et
1507 771 1614 809 una

193 824 490 877 Consentire
513 828 713 891 putare,
737 827 792 874 et
814 821 970 888 fungi
991 826 1183 874 mutua
1204 838 1367 890 posse,

192 891 436 961 Desipere
458 898 566 955 est;
600 890 731 959 quid
755 890 897 943 enim
920 889 1175 942 diversius
1198 907 1307 942 esse
1330 890 1629 959 putandum
1653 896 1758 959 ess„

191 963 302 1014 Aut
322 960 488 1028 magis
511 960 653 1014 inter-
675 976 729 1011 se
752 959 1079 1026 disjunctum
1103 958 1565 1028 discrepitansque‚

193 1030 362 1094 Quam
383 1028 602 1082 mortale
626 1027 767 1096 quod
791 1033 886 1094 est,
908 1027 1197 1087 immortali
1219 1034 1379 1095 atque
1495 1029 1622 1083 enni

191 1098 232 1152 J
233 1104 467 1165 unctum,
489 1098 548 1150 in
570 1096 790 1150 concilio
814 1112 977 1148 saevas
1001 1095 1224 1149 tolerare
1247 1045 1536 1165 procella?

497 1205 631 1287 Alvfa
655 1205 809 1274 ratio,
833 1222 993 1275 quare
1015 1205 1203 1258 anima
1221 1206 1292 1259 sit
1313 1206 1564 1261 mortalis.

262 1298 536 1366 Praeterea,
560 1314 900 1369 quaecumque
922 1303 1142 1350 manent
1166 1304 1376 1367 aeterna,
1400 1316 1607 1352 necesse
1631 1304 1711 1353 est

191 1367 318 1435 Aut,
342 1368 467 1436 quia
491 1371 615 1419 sunt
639 1365 801 1418 solido
826 1383 948 1418 cum
972 1383 1197 1435 corpore,
1220 1384 1463 1436 respuere
1485 1367 1638 1434 ictus,

190 1437 303 1490 Nec
326 1441 599 1507 penetrare
621 1434 735 1506 pati
759 1434 858 1486 sibi
881 1434 1185 1504 quidquam,
1209 1435 1348 1504 quod
1373 1441 1532 1505 queat
1555 1443 1726 1502 arctas

191 1506 484 1559 Dissociare
506 1506 652 1557 intus
676 1509 880 1573 partes3
915 1509 980 1556 ut
1002 1506 1247 1558 materiai
1760 1507 1863 1572 819

193 1574 418 1644 Corpora
441 1579 580 1640 sunt,
605 1590 825 1641 quorum
847 1577 1093 1626 naturam
1116 1574 1436 1626 ostendimus
1460 1579 1611 1628 ante:

192 1643 304 1696 Aut
327 1643 444 1695 ideo
468 1642 654 1695 durare
676 1647 888 1695 aetatem
911 1659 1059 1711 posse
1083 1659 1176 1710 per
1199 1659 1419 1710 omnem,

193 1711 482 1780 Plagarum
504 1711 630 1779 quia
654 1717 779 1792 §unt
801 1710 1070 1781 expertia.;
1094 1711 1233 1776 sicut
1255 1712 1413 1764 inane
1437 1716 1532 1780 est,

192 1780 348 1845 Quod
371 1786 552 1834 manet
574 1779 852 1845 intactum,
875 1796 1047 1848 neque
1070 1780 1137 1833 ab
1161 1780 1273 1833 ictu
1297 1780 1541 1849 fungitur
1564 1780 1759 1844 hilum:

191 1848 307 1903 Aut
329 1849 462 1916 ideo,
485 1848 611 1917 quia
632 1848 783 1901 nulla
804 1847 908 1901 loci
929 1848 993 1901 fit
1017 1850 1167 1918 copia
1190 1849 1405 1917 circum,

194 1918 311 1983 Quo
335 1918 486 1987 quasi
507 1934 589 1970 res
612 1917 813 1987 possint
837 1917 1100 1970 discedere
1124 1918 1466 1987 dissoluique:

191 1985 347 2040 Sicut
369 2002 693 2039 summarum
716 2003 921 2039 summa
943 1992 1023 2038 est
1048 1992 1257 2055 aeterns,
1282 1989 1451 2057 neque
1475 1993 1628 2042 extra.

194 2055 325 2119 Quis
347 2055 492 2108 locus
515 2060 610 2121 est,
634 2071 736 2122 quo
760 2054 1072 2121 diffugiant3
1107 2072 1278 2124 neque
1301 2074 1516 2126 corpora
1539 2062 1680 2126 sunt,
1705 2074 1822 2127 quae

193 2123 406 2176 Possint
427 2123 673 2190 incidere,
697 2127 752 2176 et
776 2122 952 2175 valida
976 2122 1254 2177 dissolvere
1279 2125 1456 2194 plaga.

191 2189 304 2313 &At
326 2209 511 2260 neque,
534 2192 619 2244 uti
642 2191 810 2258 docui,
835 2190 999 2243 solido
1023 2207 1143 2243 cum
1167 2209 1377 2262 corpore
1400 2194 1594 2247 mentis
1758 2198 1862 2250 820

247 2266 402 2314 atura
425 2266 520 2327 est,
544 2259 793 2329 quoniam
816 2260 1114 2313 admixtum
1137 2266 1217 2313 est
1239 2262 1298 2313 in
1320 2264 1474 2316 rebus
1497 2264 1685 2328 inan03

191 2329 249 2382 N
248 2346 310 2381 ec
332 2334 510 2382 tamen
535 2335 615 2381 est
638 2334 702 2380 ut
723 2329 912 2391 inane3
946 2345 1119 2396 neque
1142 2336 1323 2383 autem
1347 2348 1560 2401 corpora.
1583 2332 1790 2400 desunt,

191 2397 281 2450 Ex
305 2398 514 2450 infinito
537 2414 656 2466 quse
679 2396 880 2467 possint
902 2397 1037 2449 forte
1062 2403 1237 2451 coorta

190 2466 450 2519 Proruere
474 2466 612 2518 hanc
633 2466 828 2517 mentis
850 2465 1080 2518 violento
1104 2467 1316 2519 turbine
1338 2468 1544 2534 molem,

190 2535 313 2587 Aut
336 2534 495 2587 aliam
520 2533 764 2601 quamvis
789 2533 992 2586 cladem
1013 2533 1297 2603 importare
1321 2536 1537 2603 pericli:

191 2603 312 2656 Nec
333 2619 485 2671 porro
508 2608 701 2655 natura
723 2602 824 2654 loci
849 2603 1184 2671 spatiumque
1208 2603 1456 2672 profundi

192 2670 408 2738 Deficit,
433 2671 675 2739 exspergi
699 2687 802 2739 quo
825 2671 989 2739 possit
1011 2670 1093 2723 vis
1116 2671 1332 2736 animai,

1016 2754 1059 2791 u
