2084 3000
271 195 377 247 206
893 195 949 249 T.
986 196 1317 249 LUORETH

272 294 425 361 Tum,
449 309 609 364 supra
631 299 827 349 terram
849 312 967 364 quae
992 301 1118 349 sunt
1142 301 1412 349 exstructa
1435 295 1722 362 domorum,

271 364 359 417 Ad
381 363 672 432 coelumque
694 364 862 431 magis
885 372 1083 432 quanto
1107 370 1231 417 sunt
1253 365 1397 418 edita
1419 382 1658 437 quaequc,

273 430 538 486 Inclinnta.
559 433 764 485 minent
785 433 845 484 in
868 433 1089 485 eandem
1112 433 1321 502 prodita.
1344 440 1549 502 partem
1561 452 1581 497 3

272 499 661 568 Protractaeque
684 501 856 554 trabes
880 502 1188 570 impendent
1213 502 1289 553 ire
1313 507 1539 570 paratae:

270 568 344 622 Et
365 575 612 622 metuunt
635 570 816 638 magni
838 575 1085 623 naturam
1108 570 1315 625 credere
1337 570 1524 622 mundi

270 637 502 692 Exitiale
525 639 735 706 aliquod
759 645 967 708 tempus
992 639 1297 707 clademque
1317 656 1543 705 manere,

273 707 451 770 Quum
473 707 688 760 videant
712 713 918 764 tentam
941 713 1200 762 terrarum
1224 707 1524 764 incumbere
1546 707 1737 764 molem
1756 706 1778 759 ³

273 775 422 838 Quod
444 776 549 829 nisi
569 777 826 846 respirent
848 776 995 830 venti
1018 793 1125 831 non
1149 775 1261 832 ulla
1282 776 1510 828 refrenet

271 843 389 912 Res,
413 862 581 914 neque
604 844 671 899 ab
693 846 857 900 exitio
879 844 1041 913 possit
1064 844 1440 926 reprehendere
1465 849 1674 898 euntes:

269 911 427 965 Nunc
449 914 577 982 quia.
598 915 857 982 respirant
880 913 1098 970 alternis
1121 930 1281 981 mque
1304 918 1632 981 gravescunt,
1840 913 1948 966 670

270 979 344 1033 Et
367 983 518 1049 quasi
541 982 747 1035 collecti
768 982 1005 1048 redeunt,
1031 981 1329 1050 ceduntque
1352 982 1577 1062 repulsi3

271 1048 474 1118 Saepius
496 1051 633 1102 hanc
657 1050 722 1103 ob
744 1067 856 1102 rem
876 1050 1158 1102 minitatur
1182 1057 1321 1108 terra
1342 1067 1536 1114 ruinas,

272 1118 442 1181 Quam
463 1119 620 1172 facit:
655 1118 944 1171 inclinatur
967 1119 1123 1186 enim,
1147 1125 1388 1187 retroque
1407 1119 1627 1186 recellit,

269 1184 341 1238 Et
363 1187 549 1255 recipit
571 1187 812 1256 prolapsa
835 1204 952 1240 suas
976 1204 1030 1239 se
1054 1188 1111 1242 in
1136 1188 1358 1256 pondere
1382 1187 1553 1240 sedes:

270 1254 388 1308 Hac
411 1255 575 1324 igitur
595 1257 798 1310 ratione
820 1256 1075 1309 vacillant
1098 1257 1273 1309 omnia.
1296 1262 1452 1323 tecta,

269 1322 486 1378 Summa
507 1326 676 1393 magis
697 1325 899 1392 mediis,
921 1325 1096 1378 medin
1115 1326 1252 1392 imis,
1276 1325 1385 1378 ima.
1408 1325 1681 1394 pel-hilum.

339 1393 437 1446 Est
460 1394 573 1447 hoec
598 1394 831 1464 ejusdem
855 1410 1060 1476 quoque
1076 1394 1257 1462 magni
1280 1411 1437 1447 causa
1459 1395 1712 1458 tremoriS‚

270 1460 473 1516 Ventus
495 1463 590 1517 ubi
612 1470 770 1534 atque
793 1480 982 1516 ammae
1008 1461 1180 1516 subito
1204 1463 1284 1516 vis
1305 1463 1537 1516 maxima
1560 1462 1817 1533 quaedam,

268 1531 380 1585 Aut
403 1533 737 1599 extrinsecus,
762 1537 857 1585 aut
880 1533 993 1601 ipsa
1016 1549 1052 1584 a.
1074 1532 1262 1584 tellure
1286 1539 1477 1601 coorta,

269 1597 337 1652 In
358 1601 473 1654 loca.
496 1619 550 1655 se
573 1618 701 1656 cava
722 1605 884 1654 terrai
909 1601 1145 1668 conjecit,
1169 1601 1346 1670 ibique
1836 1604 1944 1654 580

269 1668 306 1722 S
341 1670 552 1723 eluncas
575 1671 716 1725 inter
735 1686 954 1737 magnas
975 1670 1155 1722 fremit
1178 1671 1303 1723 ante
1326 1669 1578 1737 tumultU,

320 1738 712 1809 ersabundaque
735 1744 1006 1808 portatum
1041 1745 1161 1807 post
1184 1739 1350 1792 incita
1373 1755 1540 1807 quum
1563 1738 1642 1792 vis

267 1805 557 1875 Exagitata
577 1809 715 1860 foras
738 1808 1042 1877 erumpitur,
1068 1812 1123 1860 et
1146 1807 1304 1859 simul
1325 1808 1491 1860 altam

267 1874 558 1928 Diffindens
580 1881 774 1931 terram
795 1893 1048 1944 magnum
1072 1875 1350 1929 concinnat
1372 1876 1602 1929 hiatum:

269 1941 337 1996 In
360 1943 511 2010 Syria
533 1943 724 1997 Sidone
748 1945 887 2012 quod
910 1945 1117 2012 accidit,
1142 1950 1196 1998 et
1218 1945 1326 1997 fuit
1349 1944 1498 2012 AEgis

268 2009 336 2064 In
360 2011 740 2095 Peloponnes03
765 2029 895 2079 quas
917 2013 1092 2065 exitus
1115 2013 1201 2065 hic
1224 2013 1423 2066 animai

267 2079 541 2133 Disturbot
563 2080 731 2147 urbes,
755 2087 810 2133 et
831 2085 986 2133 terrae
1007 2087 1183 2137 motus
1206 2081 1431 2135 obortus.

266 2147 543 2217 Multaque
566 2154 818 2216 proeterea
840 2149 1141 2202 ceciderunt
1162 2150 1357 2203 moenia
1377 2148 1584 2217 magnis

266 2217 502 2270 Motibus
524 2217 582 2270 in
603 2219 785 2282 terris3
820 2223 875 2270 et
896 2217 1080 2270 multae
1103 2234 1197 2299 per
1219 2235 1362 2271 mare
1385 2234 1593 2287 pessum

266 2285 553 2340 subsedere
576 2286 683 2338 suis
706 2287 905 2355 pariter
927 2303 1050 2339 cum
1074 2285 1276 2339 civibus
1299 2286 1468 2340 urbes.
1833 2289 1940 2340 590

268 2355 419 2418 Quod
441 2355 545 2407 nisi
567 2356 873 2423 prorumpit,
897 2360 1075 2407 tamen
1099 2355 1328 2422 impetus
1352 2356 1462 2424 ipse
1485 2354 1684 2407 animai

264 2421 338 2474 Et
359 2423 472 2474 fera.
494 2423 573 2476 vis
596 2423 743 2477 venti
766 2440 860 2492 per
882 2422 1061 2475 crebra
1083 2422 1342 2476 foramina.
1364 2429 1519 2476 terrae

263 2489 599 2558 Dispertitur,
621 2496 686 2543 ut
709 2492 903 2557 horror,
927 2495 982 2542 et
1004 2490 1200 2543 incutit
1221 2491 1346 2543 inde
1368 2497 1671 2545 tremorem:

265 2556 455 2624 Frigus
480 2560 574 2625 uti,
597 2564 798 2611 nostros
821 2558 1032 2627 penitus
1057 2574 1223 2625 quum
1245 2560 1393 2612 venit
1415 2560 1474 2611 in
1497 2566 1657 2628 artus,

264 2623 511 2678 Concutit
533 2626 742 2693 invitos,
766 2642 951 2692 cogens
976 2630 1197 2678 tremere
1218 2631 1276 2678 at
1309 2644 1379 2679 ue
1399 2644 1621 2682 movere.

262 2690 501 2760 Ancipiti
523 2693 791 2762 trepidant
812 2694 978 2763 igitur
999 2697 1194 2748 terrore
1331 2695 1513 2763 urbes3
