2084 3000
751 202 968 255 LIBER
1005 202 1323 256 TERTIUS.
1812 207 1879 259 83

185 305 264 358 Ut
286 305 422 358 nihil
444 304 700 374 impediat
724 305 941 373 dignam
964 306 1065 359 Dis
1088 306 1276 374 degere
1299 307 1479 360 vitam.

256 375 388 427 Haec
411 375 578 442 igitur
599 380 791 427 natura.
814 381 1026 428 tenetur
1050 392 1261 443 corpore
1284 375 1352 428 ab
1375 377 1534 445 omni,

187 443 216 495 Ῑ
255 460 414 512 saque
439 444 665 513 corporis
688 451 769 497 est
793 449 982 511 eustos,
1007 450 1063 497 et
1086 461 1245 497 causa.
1268 444 1485 508 salutis;

241 529 327 564 am
353 512 717 565 communibus
739 513 878 565 inter
902 530 957 564 se
980 513 1245 566 radicibus
1267 514 1485 580 haerent,

186 581 298 633 Nec
322 580 434 633 sine
456 581 688 648 pernicie
713 581 895 634 divelli
917 598 1068 650 posse
1092 581 1353 635 videntur.

186 650 339 713 Quod
361 667 542 718 genus,
567 667 597 702 e
620 649 791 702 thuris
820 650 986 731 glebis
1010 650 1231 703 evellere
1254 650 1464 703 odorem

186 719 350 771 Haud
372 718 528 770 facile
552 724 647 785 est,
673 719 799 788 quin
823 724 1051 771 intereat
1075 724 1267 771 natura
1290 736 1497 787 quoque
1520 721 1647 788 ejus,

184 787 273 839 Sic
294 787 461 840 animi
484 794 643 856 atque
665 788 856 841 enimse
880 793 1128 839 naturam
1153 804 1363 868 corpore
1387 794 1499 840 toto
1773 790 1880 841 330

185 855 478 909 Extrahere
501 857 647 909 haud
668 857 827 910 facile
849 862 944 924 est,
969 856 1100 925 quin
1123 873 1301 909 omma
1322 856 1712 909 dissoluantur:

188 925 443 994 Implexis
465 925 544 979 ita
565 926 837 994 principiis
861 926 928 979 ab
952 926 1153 993 origine
1176 926 1347 994 prims

186 993 337 1046 Inter
359 1011 414 1047 se
435 994 573 1048 flunt
596 995 821 1049 consorti
845 994 1072 1063 praedita
1095 995 1241 1059 vita.;

183 1062 297 1115 Nec
320 1061 420 1115 sibi
444 1079 679 1132 quaeque,
705 1064 819 1117 sine
841 1064 1061 1117 alterius
1084 1063 1139 1117 vi
1162 1079 1312 1132 posse
1335 1063 1549 1117 videtur

184 1131 422 1200 Corporis
446 1137 606 1201 atque
627 1132 793 1184 animi
816 1148 1046 1185 seorsum
1070 1133 1264 1185 sentire
1286 1138 1546 1201 potestas:

185 1199 289 1252 Sed
313 1201 677 1253 communibus
699 1201 842 1255 inter
863 1218 950 1255 eos
975 1201 1242 1255 conflatur
1265 1202 1532 1271 utrimque

182 1266 418 1323 Motibus
441 1286 688 1323 accensus
709 1270 858 1322 nobis
881 1287 977 1340 per
998 1270 1198 1324 viscera.
1221 1287 1415 1324 sensus.

867 1379 950 1433 De
973 1396 1199 1449 corpore.

254 1471 531 1542 Praeterea,
554 1490 740 1543 corpus
761 1490 856 1544 per
879 1491 934 1527 se
955 1490 1055 1528 nec
1077 1474 1319 1542 gignitur
1340 1489 1592 1542 unquam,

182 1541 297 1595 Nec
320 1543 518 1611 crescit,
543 1560 639 1595 nec
661 1551 780 1612 post
802 1549 1024 1597 mortem
1048 1544 1238 1596 durare
1262 1544 1484 1596 videtur.

182 1610 305 1663 Non
327 1611 482 1679 enim,
506 1617 571 1664 ut
592 1612 783 1665 humor
805 1628 971 1681 aquae,
994 1612 1222 1664 dimittit
1245 1628 1382 1680 saepe
1404 1628 1667 1679 vaporem,
1771 1613 1875 1665 340

184 1679 289 1743 Qui
313 1679 467 1733 datus
489 1686 582 1748 est,
605 1697 776 1750 neque
798 1697 862 1734 ea
884 1697 1043 1735 eausa
1067 1680 1381 1733 convellitur
1402 1681 1528 1748 ipse,

183 1748 286 1801 Sed
308 1755 490 1802 manet
512 1750 788 1802 incolumis
810 1768 823 1803 ε
858 1766 980 1818 non,
1003 1751 1237 1819 inquam,
1262 1750 1337 1801 sic
1361 1749 1561 1803 animai

181 1815 479 1870 Discidium
500 1825 719 1888 possunt
743 1824 893 1872 artus
915 1820 1146 1887 perferre
1167 1818 1371 1872 relicti:

183 1885 286 1938 Sed
310 1886 522 1955 penitus
544 1894 769 1956 pereunt
791 1887 1042 1956 convulsi,
1070 1904 1270 1956 conque
1291 1892 1617 1957 putrescunt.

181 1953 268 2006 Ex
291 1954 509 2009 ineunte
532 1972 644 2009 aevo
667 1957 741 2009 sic
764 1957 990 2025 corporis
1013 1963 1174 2025 atque
1196 1957 1396 2011 animai

180 2021 379 2077 Mutua
400 2024 590 2077 vitales
612 2025 827 2079 discunt
849 2026 1094 2094 contagia
1115 2032 1305 2093 motus,

180 2090 441 2145 Maternis
463 2093 624 2146 etism
647 2094 907 2160 membris,
931 2094 1155 2163 alvoque
1176 2100 1381 2162 reposto
1405 2110 1420 2157 3

180 2158 476 2213 Discidium
499 2168 561 2215 ut
582 2169 812 2231 nequest
832 2162 946 2215 fieri
971 2164 1085 2215 sine
1109 2168 1253 2231 peste
1274 2163 1517 2231 maloque
1538 2180 1551 2217 τ

182 2228 259 2280 Ut
280 2229 474 2297 videas,
498 2232 745 2299 quoniam
768 2233 1052 2299 conjuncta
1075 2237 1156 2284 est
1179 2248 1336 2284 causa
1359 2231 1559 2299 salutis,

181 2297 537 2367 Conjunctam
560 2317 768 2369 quoque
790 2307 1038 2354 naturam
1063 2300 1342 2353 consistere
1365 2317 1558 2354 eorum.
1767 2303 1872 2353 350

624 2410 705 2465 De
727 2429 883 2466 semu
904 2410 1142 2481 corporis
1161 2419 1211 2465 et
1232 2410 1426 2465 animi.

251 2501 403 2567 Quod
427 2510 678 2573 superest,
702 2504 747 2557 si
769 2504 887 2573 quis
909 2520 1098 2573 corpus
1122 2504 1314 2556 sentire
1335 2503 1551 2570 refutat,

178 2570 356 2639 Atque
379 2572 613 2625 animam
636 2573 803 2627 credit
824 2573 1144 2643 permixtam
1168 2589 1380 2641 corpore
1403 2578 1515 2624 toto

177 2638 452 2709 Suscipere
473 2640 615 2694 hunc
636 2647 853 2708 motum,
878 2658 1034 2711 quem
1058 2657 1265 2694 sensum
1290 2640 1700 2703 nominitamus)

180 2707 279 2761 Vel
302 2709 608 2763 manifestas
630 2727 713 2763 res
735 2716 918 2764 eontra
940 2726 1194 2778 verasque
1215 2715 1491 2779 repugnat.
