2084 3000
703 144 919 198 LIBER
953 145 1240 198 PRIMUS.
1748 145 1813 199 17

103 247 327 299 Tactus
351 246 651 315 corporibus
675 248 892 313 cunctis,
916 248 1151 300 intactus
1173 247 1338 299 inani.

108 316 419 368 Servitium
443 323 640 383 contra,
665 323 961 384 paupertas,
988 317 1304 384 divitiaeque,

28 444 29 449 ¹
109 383 387 452 Libertas,
410 384 623 450 bellum,
648 385 935 450 concordia,
961 392 1149 452 cetera,
1174 402 1398 451 quorum

110 453 385 505 Adventu
408 460 587 505 manet
610 453 888 505 incolumis
911 460 1106 506 natura
1126 453 1380 521 abituque
1404 471 1419 517 ;

114 521 264 573 Haec
290 522 435 574 soliti
459 539 651 588 sumus,
677 528 737 574 ut
761 540 857 590 par
879 532 974 588 est,-
998 530 1189 575 eventa
1212 539 1410 575 vocare.

192 589 434 658 Tempus
457 590 585 642 item
608 608 701 658 per
724 609 779 642 se
803 609 909 643 non
931 598 1026 655 est,
1053 592 1142 642 sed
1165 591 1320 642 rebus
1344 591 1411 643 ab
1434 590 1562 658 ipsis
1709 592 1819 642 460

119 659 486 727 Consequitur
509 676 702 726 sensus,
726 666 1053 713 transactum
1111 660 1206 711 uid
1230 661 1300 711 sit
1323 660 1381 711 in
1406 675 1547 722 aevo;

121 728 285 794 Tum,
313 745 431 796 quae
453 745 536 780 res
558 729 735 795 instet,
759 729 887 796 quid
911 745 1063 796 porro
1124 728 1276 780 einde
1299 734 1576 796 sequatur:

124 795 246 848 Nec
271 813 369 865 per
392 813 446 849 se
470 814 786 864 quemquam
809 803 1016 865 tempus
1041 797 1234 849 sentire
1257 796 1536 849 fatendum
1555 802 1640 847 est

128 863 409 917 Semotum
431 864 498 918 ab
519 882 692 917 rerum
716 873 864 918 motu
889 866 1098 937 placida
1136 883 1198 919 ue
1223 866 1412 934 quiete.

201 934 463 1002 Denique,
486 934 837 1001 Tyndaridem
860 941 1082 1002 raptam,
1171 934 1345 1003 lloque
1370 932 1612 986 subactas

129 1003 456 1071 'Trojugenas
479 1009 661 1070 gentes
686 1020 883 1071 quumn
905 1004 1092 1056 dicunt
1114 1021 1237 1069 esse,
1261 1003 1549 1055 videndum
1571 1010 1670 1069 est,

132 1072 219 1125 Ne
241 1072 379 1125 forte
402 1072 514 1124 haec
538 1089 632 1140 per
655 1090 709 1124 se
733 1079 924 1139 cogant
946 1090 1041 1124 nos
1066 1090 1175 1124 esse
1197 1073 1384 1135 fateri3

137 1140 364 1205 Quando
387 1159 450 1194 ea
473 1141 627 1194 saecla
648 1142 939 1208 hominum,
963 1158 1187 1209 quorum
1210 1142 1324 1193 haec
1348 1146 1539 1193 eventa
1560 1142 1723 1207 fuere,

137 1209 502 1264 Irrevocabilis
524 1209 801 1263 abstulerit
819 1213 931 1278 jam
956 1211 1223 1279 praeterita
1247 1217 1394 1263 aetas‘

137 1279 385 1347 Namque
407 1279 556 1332 aliud
578 1279 747 1344 terris,
771 1279 917 1331 aliud
940 1280 1239 1347 regionibus
1263 1281 1394 1348 ipsis
1714 1278 1821 1330 470

139 1348 408 1401 Eventum
433 1349 539 1399 dici
562 1348 769 1416 poterit,
795 1349 1057 1416 quodcum
1095 1366 1159 1400 ue
1182 1349 1284 1401 erit
1307 1353 1501 1402 actum.

210 1417 450 1485 Denique
472 1417 716 1470 materies
741 1418 785 1468 si
806 1434 980 1469 rerum
1002 1434 1076 1472 nu
1120 1436 1153 1470 a
1174 1418 1377 1485 fuisset,

139 1487 252 1540 Nec
275 1486 417 1539 locus
441 1504 504 1539 ac
528 1486 772 1556 spatium,
797 1505 877 1539 res
902 1487 960 1538 in
984 1505 1086 1555 quo
1111 1504 1330 1555 quoeque
1352 1491 1646 1554 geruntur}

140 1557 428 1624 Nunquam
452 1553 765 1622 Tyndaridis
789 1556 967 1608 formae
992 1556 1247 1608 conflatus
1272 1573 1447 1607 amore

144 1625 173 1677 1
252 1626 265 1638 '
293 1666 308 1692 ,
332 1625 621 1677 Alexandri
647 1624 878 1692 Phrygio
902 1624 1000 1676 sub
1023 1631 1231 1694 pectore
1255 1624 1498 1692 gliscens,

144 1694 185 1746 C
320 1694 639 1746 accendisset
663 1695 786 1746 sse-vi
813 1695 1101 1746 certamina
1124 1693 1279 1754 belli;

144 1763 199 1815 Ν
199 1780 258 1816 ec
281 1763 416 1815 clam
440 1763 687 1816 durateus
703 1773 726 1797 ⁰
748 1764 986 1832 Trojanis
1012 1763 1269 1830 Pergama
1291 1768 1450 1832 partu

149 1832 528 1885 Inflammasset
552 1850 718 1900 equus
741 1840 998 1884 nocturno
1024 1833 1476 1899 Grajugenarum3

150 1900 443 1969 Perspicere
466 1907 530 1953 ut
553 1901 732 1969 possis,
755 1919 837 1953 res
861 1908 1034 1969 gestas
1058 1902 1302 1953 funditus
1324 1918 1502 1954 omnes

152 1969 272 2022 Non
291 1970 379 2035 ita,
404 1971 487 2022 uti
511 1987 713 2038 corpus,
739 1988 831 2038 per
852 1988 909 2022 se
934 1977 1186 2036 constare,
1210 1987 1379 2037 neque
1404 1988 1541 2034 esse;
1718 1974 1826 2022 480

153 2039 262 2091 Nec
281 2038 481 2091 ratione
506 2040 678 2091 cluere
703 2040 899 2106 eadem,
925 2057 1029 2107 qua
1054 2045 1260 2090 constat
1285 2039 1467 2092 inane:

154 2106 254 2164 Sed
276 2108 440 2174 magis
463 2113 525 2159 ut
547 2108 736 2161 merito
760 2109 924 2176 possis
947 2114 1138 2161 eventa
1162 2125 1346 2160 vocare

155 2175 397 2245 Corporis,
420 2181 581 2244 atque
604 2176 722 2242 loci,
745 2194 827 2229 res
852 2178 908 2228 in
935 2194 1038 2244 quo
1063 2193 1283 2257 quaeque
1307 2184 1578 2244 gerantur,

224 2244 439 2312 Corpora
463 2251 588 2297 sunt
611 2263 762 2314 porro
786 2246 981 2313 partim
1005 2246 1291 2314 primordia
1313 2263 1505 2313 rerum,

153 2311 351 2365 Partim
373 2313 592 2366 concilio
616 2331 735 2383 quse
760 2321 1003 2366 constant
1027 2314 1196 2382 princi
1235 2316 1418 2367 iorum

159 2382 272 2448 Sed,
295 2399 411 2450 quse
431 2388 555 2435 sunt
576 2400 754 2435 rerum
777 2383 1078 2452 primordia,
1103 2384 1197 2434 nul
1221 2402 1253 2434 a
1276 2389 1448 2451 potest
1471 2379 1552 2433 vis

162 2450 443 2518 Stringere3
478 2468 603 2504 nam
628 2451 791 2504 solido
816 2452 1038 2504 vincunt
1062 2469 1126 2503 ea
1149 2467 1361 2518 corpore
1384 2451 1625 2511 demum;

164 2519 272 2571 Etsi
294 2520 499 2572 difficile
524 2537 633 2572 esse
657 2519 881 2586 videtur,
907 2520 1114 2572 credere
1141 2520 1430 2587 quidquam

164 2587 228 2641 In
248 2589 392 2641 rebus
417 2589 580 2642 solido
602 2590 821 2658 reperiri
844 2606 1055 2657 corpore
1079 2591 1256 2656 posse:

424 2688 444 2709 ¹
472 2689 545 2732 αις
576 2684 672 2723 MS.
1101 2684 1127 2705 ⁴
1152 2680 1245 2719 (lira
1263 2684 1429 2730 tegens;
1457 2676 1552 2714 MS·

982 2750 1011 2787 σ
