2084 3000
20 74 27 125 ι

14 180 21 259 ἰ
750 204 968 257 mmm
1002 202 1316 257 remque.
1769 204 1869 255 103

198 307 310 360 Nec
332 306 489 359 miser
512 305 587 357 im
652 305 819 358 ndens
840 321 1095 372 magnum
1118 304 1273 357 timet
1295 304 1417 357 aere
1441 319 1628 356 saxum

200 376 468 441 Tantalus,
491 379 555 427 ut
578 321 721 427 gem
744 379 838 440 est,
864 391 1008 426 cassa
1030 373 1310 425 formidine
1334 377 1576 441 torpens:

11 422 17 517 1
200 445 303 498 Sed
326 444 494 511 magis
517 443 575 495 in
600 443 711 495 vita
735 442 919 496 divum
941 447 1114 494 metus
1139 447 1294 509 urget
1317 441 1490 493 inanis

204 513 453 566 Mortales
473 530 487 575 ;
523 528 799 579 casumque
823 511 1028 576 timent,
1054 527 1209 578 quem
1234 511 1427 577 cuique
1450 510 1587 562 ferat
1611 509 1730 560 sors.

274 582 385 634 Nec
409 580 601 648 Tityon
625 579 859 632 volucres
882 580 1070 631 ineunt
1093 579 1395 631 Acherunte
1411 580 1691 647 jacentem,

208 651 332 716 Nec,
357 649 485 719 quid
508 648 606 701 sub
629 665 821 715 magno
845 653 1147 700 scrutemur
1168 654 1392 715 pectore,
1415 648 1710 716 quidquam

205 719 522 787 Perpetuam
546 722 759 770 aetatem
782 721 1031 784 poterunt
1054 715 1280 784 reperire
1303 716 1554 784 profecto,

208 785 508 852 Quamlibet
531 786 751 838 immani
772 786 1009 854 projectu
1032 783 1263 852 corporis
1285 788 1470 853 exstet·s
1740 783 1875 835 1000

209 856 314 919 Qui
337 872 444 907 non
468 855 576 908 sola
597 871 785 907 novem
808 853 1064 922 dispensio
1079 855 1270 923 jugera
1291 851 1536 905 membris
1638 853 1655 866 “

210 924 473 989 obtineat,
497 923 587 976 sed
610 923 702 991 qui
723 925 885 976 terrai
908 922 1073 975 totius
1096 921 1303 975 orbem=

210 994 331 1046 Non
354 997 533 1045 tamen
556 997 813 1045 aeternum
835 991 1028 1061 poterit
1118 991 1279 1043 rferre
1302 990 1544 1057 dolorem,

210 1062 323 1116 Nec
346 1060 573 1128 praebere
596 1060 774 1113 cibum
796 1060 1003 1130 proprio
1064 1077 1093 1112 e
1118 1076 1327 1128 corpore
1350 1075 1583 1129 semper:

213 1130 317 1184 Sed
339 1129 518 1197 Tityos
540 1130 688 1183 nobis
711 1129 798 1180 hie
822 1133 915 1194 est,
939 1129 998 1180 in
1021 1146 1195 1181 amore
1210 1131 1476 1196 jacentem

214 1200 384 1263 Quem
407 1197 640 1251 volucres
663 1197 909 1264 lacerant,
934 1203 1094 1265 atque
1118 1202 1263 1250 exest
1286 1198 1476 1250 anxius
1499 1213 1662 1265 angor
1683 1215 1698 1260 ς

213 1268 327 1320 Aut
351 1267 460 1319 alia
482 1267 666 1334 quavis
691 1265 938 1318 scindunt
961 1266 1241 1334 turpedine
1265 1282 1417 1319 curse.

290 1334 544 1403 Sisyphus
566 1335 624 1386 in
649 1335 762 1387 vita
784 1351 986 1403 quoque
1008 1335 1157 1387 nobis
1180 1341 1305 1387 ante
1328 1334 1502 1387 oculos
1525 1338 1619 1401 est,

217 1404 324 1469 Qui
414 1409 524 1456 tere
546 1421 580 1456 a
602 1403 797 1473 populo
820 1403 985 1456 fasces
1010 1421 1275 1472 saevasque
1300 1420 1502 1456 secures

218 1473 362 1527 Imbi
397 1472 458 1540 it,
480 1477 535 1526 et
558 1489 759 1542 semper
783 1472 954 1527 victus
978 1473 1247 1541 tristisque
1270 1471 1467 1526 recedit
1490 1490 1502 1525 :
1748 1470 1883 1523 1010

219 1544 360 1596 Nam
382 1548 558 1610 petere
580 1542 873 1611 imperium,
892 1542 1031 1609 quod
1056 1543 1215 1594 inane
1238 1547 1331 1607 est,
1347 1558 1443 1594 nec
1461 1541 1619 1593 datur
1635 1553 1885 1607 unquam,

223 1612 398 1679 Atque
420 1611 478 1662 in
500 1627 560 1663 eo
585 1628 785 1680 semper
807 1611 999 1663 durum
1023 1610 1237 1662 sufferre
1260 1609 1518 1673 laborem5

224 1680 340 1733 Hoc
363 1684 443 1732 est
465 1679 678 1733 adverso
700 1680 975 1733 nixantem
998 1679 1208 1731 trudere
1230 1683 1408 1731 monte

221 1748 436 1815 Saxum,
462 1749 600 1817 quod
623 1760 802 1801 tamen
825 1766 859 1801 a
882 1765 1085 1801 summo
1101 1749 1215 1815 jam
1239 1748 1434 1800 vertice
1456 1762 1665 1799 rursum

224 1816 483 1881 Volvitur,
508 1822 562 1870 et
584 1816 732 1899 plani
753 1817 949 1886 raptim
970 1817 1108 1886 petit
1133 1833 1345 1886 aequora
1367 1815 1553 1884 campi.

292 1885 497 1938 Deinde
519 1887 685 1939 ammi
706 1886 973 1954 ingratam
994 1893 1242 1939 naturam
1264 1901 1474 1953 pascere
1499 1901 1715 1953 semper,

228 1954 403 2022 Atque
426 1954 636 2022 explere
659 1954 808 2007 bonis
830 1954 1001 2021 rebus,
1024 1956 1319 2023 satiareque
1341 1969 1647 2022 nunquam:

227 2022 379 2087 Quod
401 2022 608 2076 faciunt
632 2022 780 2076 nobis
803 2040 1062 2075 annorum
1084 2029 1335 2091 tempora,
1360 2023 1560 2075 circum

228 2093 406 2155 Quum
428 2091 665 2157 redeunt,
689 2092 950 2159 feetusque
971 2093 1154 2145 ferunt
1175 2091 1446 2160 variosque
1468 2090 1667 2160 lepores
1686 2108 1702 2154 ς

226 2159 339 2213 Nec
363 2165 540 2213 tamen
564 2159 837 2229 explemur
859 2161 992 2213 vitai·
1017 2160 1277 2213 fructibus
1300 2176 1569 2225 unquam:
1761 2157 1895 2210 1020

230 2229 362 2294 Hoc,
386 2234 448 2281 ut
472 2229 668 2298 opinor,
691 2229 748 2280 id
772 2233 866 2296 est,
891 2245 1000 2282 aevo
1021 2228 1240 2281 florente
1263 2228 1466 2297 puellas

231 2297 382 2360 Quod
404 2304 696 2350 memorant
718 2297 929 2349 laticem
952 2301 1223 2365 pertusum
1248 2313 1522 2365 congerere
1544 2296 1603 2349 in
1625 2310 1748 2358 van

232 2366 383 2429 Quod
408 2371 585 2419 tamen
609 2383 675 2419 ex
712 2366 809 2417 leri
832 2366 980 2418 nulla
1002 2366 1204 2419 ratione
1265 2371 1476 2419 otestur.

303 2433 553 2488 Cerberus
577 2440 632 2488 et
700 2435 830 2487 uriae
847 2436 962 2502 jam
987 2450 1123 2497 vero,
1147 2439 1202 2487 et
1246 2435 1359 2487 ucis
1382 2439 1601 2503 egestas,

233 2502 496 2570 Tartarus,
519 2503 795 2556 horriferos
819 2509 1062 2556 eructans
1087 2503 1328 2556 faucibus
1352 2509 1538 2566 aestus3

234 2571 1165 2709 geffffisst‘issiiussffffiffffissssss
1186 2577 1539 2693 ww?
1562 2567 1808 2638 ‘'mm’'
1873 2647 1879 2652 -

234 2710 333 2764 Est
355 2708 650 2777 insignibus
672 2709 924 2777 insignis3
961 2708 1270 2776 scelerisque
1292 2707 1435 2759 luela
