2084 3000
756 185 972 238 LIBER
1005 185 1295 242 PRIMUS.
1797 192 1864 241 15

255 285 313 337 Is
336 302 489 354 porro
512 285 750 353 quamvis
774 287 972 338 circum
995 287 1344 340 celerantibus
1366 288 1509 341 auris

177 354 449 421 Confluat,
472 354 618 406 haud
642 356 836 422 poterit
860 361 1039 408 tamen
1063 373 1171 408 uno
1194 361 1426 425 tempore
1450 362 1624 409 totum

178 423 449 491 Compleri
468 440 491 475 s
530 424 726 476 atium:
762 441 887 475 nam
909 426 1141 492 primum
1159 443 1418 494 quemque
1441 442 1647 478 necesse
1666 431 1746 478 est
1761 428 1863 477 390

181 492 424 559 Occupet
448 441 539 543 ilie
562 491 752 558 locum,
777 493 964 545 deinde
988 493 1166 546 omnia
1190 495 1570 562 possideantur.

259 560 412 623 Quod
437 561 481 611 si
495 561 629 612 forte
653 560 857 629 aliquis,
883 578 1049 630 quum
1074 579 1288 630 corpora
1312 562 1581 616 dissiluere
1592 562 1617 630 ¹,
1695 624 1702 629 ,‚

181 629 327 680 'sum
350 634 507 696 putat
529 629 587 680 id
609 627 737 696 fieri,
765 630 890 696 quia
914 647 966 682 se
991 631 1306 682 condenseat
1330 633 1434 697 aEr,

183 697 376 760 Errat3
410 714 535 748 nam
559 714 786 749 vacuum
809 704 925 750 tum
947 698 1026 765 fit,
1050 698 1189 766 quod
1211 715 1318 751 non
1339 700 1445 751 fuit
1468 706 1606 767 ante,

183 766 262 817 Et
285 765 520 833 repletur
541 765 685 834 item,
710 783 938 818 vacuum
964 766 1107 833 quod
1132 767 1373 819 constitit
1397 772 1550 831 ante;

183 834 301 886 Nec
325 834 423 886 tali
445 834 648 886 ratione
671 840 845 902 potest
868 835 1131 887 denserier
1155 837 1263 899 aer,

185 903 315 969 Nec,
340 902 385 955 si
401 904 515 971 jam
539 908 727 971 posset,
751 905 863 955 sine
886 903 1035 956 inani
1060 910 1248 972 posset,
1274 903 1472 973 opinor,

187 970 312 1039 Ipse
334 971 394 1023 in
417 988 471 1024 se
494 972 701 1024 trahere
724 977 779 1024 et
802 978 977 1040 partes
1002 973 1291 1025 conducere
1315 973 1374 1024 in
1396 990 1580 1027 unum.

188 1039 533 1108 Quapropter,
560 1041 797 1108 quamvis
821 1041 1084 1093 causando
1106 1042 1279 1094 multa
1300 1042 1531 1109 moreris,

187 1107 316 1159 Esse
339 1107 398 1160 in
419 1108 573 1161 rebus
596 1109 754 1161 inane
777 1114 958 1162 tamen
980 1108 1180 1162 fateare
1202 1127 1411 1163 necesse
1435 1116 1526 1164 est.
1759 1113 1865 1163 400

258 1176 538 1245 Multaque
598 1182 815 1230 raeterea
838 1177 937 1229 tibi
958 1195 1171 1247 possum
1195 1180 1642 1232 commemorando

190 1243 537 1313 Argumenta,
598 1245 718 1298 dem
742 1245 897 1299 dictis
921 1246 1188 1299 corradere
1211 1248 1431 1311 nostris3

192 1312 391 1366 Verum
413 1314 589 1367 animo
613 1315 740 1366 satis
764 1314 876 1368 haec
898 1315 1125 1383 vestigia
1146 1333 1310 1385 parva
1333 1316 1506 1385 sagaci

191 1380 344 1448 Sunt,
368 1399 462 1451 per
485 1398 604 1450 quae
627 1383 790 1451 possis
815 1400 1122 1452 cognoscere
1146 1390 1320 1438 cetera
1342 1391 1473 1439 tute.

191 1449 431 1520 Namque
454 1468 608 1506 canes
631 1456 695 1504 ut
716 1453 1031 1521 montivagae
1057 1470 1288 1523 persaepe
1310 1454 1444 1507 ferali

191 1519 421 1573 Naribus
445 1521 724 1574 inveniunt
746 1521 970 1575 intectas
992 1523 1179 1575 fronde
1203 1524 1418 1591 quietes,

193 1586 368 1652 Quum
391 1588 549 1642 semel
571 1589 861 1643 institerint
885 1592 1109 1659 vestigia
1131 1597 1275 1644 certa
1297 1591 1435 1645 viai:

192 1656 279 1709 Sic
302 1656 414 1711 alid
437 1675 505 1711 ex
529 1658 632 1712 alio
654 1674 748 1726 per
768 1664 824 1711 te
847 1665 965 1712 tute
989 1660 1101 1728 ipse
1124 1659 1301 1713 videre

193 1725 404 1779 'salibus
428 1727 487 1779 in
508 1726 663 1780 rebus
686 1729 896 1798 poteris,
921 1744 1184 1798 caecasque
1207 1725 1434 1782 latebras

195 1793 468 1848 Insinuare
492 1813 684 1861 omnes,
709 1803 764 1849 et
787 1814 970 1849 verum
993 1798 1296 1865 protrahere
1319 1797 1457 1851 inde.
1761 1800 1866 1848 410

263 1862 412 1926 Quod
436 1865 481 1916 si
504 1865 744 1934 pigraris,
767 1866 1054 1934 paulumve
1076 1867 1344 1918 recesseris
1368 1865 1458 1918 abs
1480 1883 1552 1931 re,

195 1929 309 1983 Hoc
332 1932 431 1984 tibi
454 1934 520 1986 de
580 1934 701 1986 lano
794 1951 935 1986 ssum
957 1936 1278 2003 promittere,
1303 1935 1537 2002 Memmi,

194 2000 372 2067 Usque
395 2003 525 2055 adeo
627 2020 720 2070 gos
782 2008 964 2055 austus
988 2003 1056 2055 de
1079 2003 1304 2056 fontibu’
1327 2004 1534 2071 magnis

195 2068 400 2136 Lingua
422 2088 538 2124 meo
562 2073 737 2124 suavis
761 2071 863 2124 diti
885 2071 952 2123 de
975 2077 1185 2140 pectore
1206 2072 1410 2138 fundet,

195 2136 269 2189 Ut
290 2155 482 2206 verear,
507 2157 575 2192 ne
599 2140 752 2193 tarda
773 2141 920 2209 prius
943 2158 1038 2208 per
1060 2140 1293 2193 membra
1317 2145 1554 2193 senectus

196 2205 393 2275 Serpat,
417 2214 469 2260 et
492 2209 550 2261 in
573 2208 722 2261 nobis
747 2210 880 2262 vita'i
906 2209 1135 2261 claustra
1157 2208 1398 2275 resolvat,

198 2274 363 2338 Quam
388 2276 486 2328 tibi
511 2278 577 2329 de
603 2277 788 2345 quavis
811 2295 920 2330 una
941 2294 998 2329 re
1021 2277 1257 2329 versibus
1276 2277 1443 2328 omnis

196 2343 638 2411 Argumentorum
661 2346 730 2398 sit
756 2346 904 2414 copia
926 2347 1087 2397 missa
1110 2364 1204 2414 per
1227 2362 1391 2397 aures.

197 2410 295 2464 Sed
316 2430 457 2465 nunc
481 2421 544 2466 ut
566 2424 803 2483 repetam
827 2420 1058 2481 coeptum
1082 2420 1354 2483 pertexere
1378 2412 1547 2464 dictis.

523 2526 726 2596 Corpus
747 2536 794 2581 et
816 2527 980 2578 imme
1001 2543 1100 2577 esse
1122 2533 1322 2577 natura
1345 2538 1537 2574 rerum.

264 2610 459 2676 Omnis,
482 2617 548 2662 ut
572 2617 665 2677 est,
692 2611 858 2678 igitur
880 2626 974 2677 per
997 2626 1053 2659 se
1074 2613 1268 2659 natura
1290 2603 1495 2681 duapus
1763 2603 1866 2652 420

201 2678 442 2732 Constitit
464 2680 524 2731 in
546 2678 730 2743 rebus;
764 2694 891 2730 nam
914 2691 1129 2742 corpora
1151 2677 1293 2737 sunt,
1317 2676 1372 2721 et
1394 2683 1567 2733 mane,

833 2767 847 2796 ¹
874 2767 1130 2811 dissoluere3
1151 2764 1246 2802 MS.
