2084 3000
795 176 1011 228 LIBER
1048 174 1362 231 TERTIUS.
1840 180 1908 232 87

216 273 371 339 Inde,
396 273 486 327 ubi
509 273 735 327 robustis
759 273 988 326 adolevit
1012 273 1210 326 viribus
1236 281 1376 340 aetas,
1802 278 1909 326 450

215 343 507 395 Consilium
534 360 739 410 quoque
762 344 947 410 majuS,
972 349 1026 394 et
1050 344 1253 395 auctior
1276 349 1354 394 est
1378 341 1541 395 animi
1566 341 1677 395 vis:

215 411 348 464 Post
373 410 463 463 ubi
479 412 593 478 jam
617 411 804 463 validis
827 417 1131 478 quassatum
1155 417 1235 464 est
1258 411 1456 464 viribus
1481 411 1580 464 aevi

216 480 436 548 Corpus,
461 487 515 532 et
540 480 737 532 obtusis
762 479 1065 532 ceciderunt
1091 479 1286 532 viribus
1310 486 1456 532 artus
1476 499 1490 543 ;

216 548 498 601 Claudicat
521 549 806 615 ingenium,
833 547 1022 600 delirat
1045 549 1332 616 linguaque
1355 566 1623 617 mensque,

217 617 413 668 Omnia
436 616 702 683 deficiunt,
726 622 887 684 atque
910 633 1016 668 uno
1040 624 1273 684 tempore
1296 618 1501 670 desunt.

215 685 360 752 Ergo
380 684 592 738 dissolvi
617 702 822 753 quoque
848 685 1091 737 convenit
1116 702 1321 737 omnem
1345 686 1543 737 animai

220 754 501 819 Naturam,
525 771 621 805 ceu
646 755 822 805 fumus
846 753 903 804 in
927 753 1063 805 altas
1087 754 1223 805 aeris
1248 771 1433 806 auras:

218 821 654 890 Quandoquidem
679 823 828 890 gigni
853 822 1064 889 pariter,
1091 822 1391 890 pariterque
1415 821 1652 873 videmus

218 891 471 956 Crescere,
497 897 562 956 et,
590 897 650 941 ut
675 891 843 955 docui,
869 891 1026 942 simul
1053 908 1162 943 aevo
1187 891 1323 942 fessa
1345 889 1560 943 fatiscit.

289 960 413 1011 Huc
436 959 651 1025 accedit,
677 960 758 1011 uti
783 960 1067 1024 videamus,
1093 977 1277 1027 corpus
1304 965 1363 1012 ut
1387 959 1561 1026 ipsum
1794 962 1901 1012 460

217 1027 493 1096 Suscipere
517 1028 770 1080 immanes
795 1028 1013 1094 morbos,
1037 1028 1334 1096 durumque
1359 1028 1618 1089 dolorem;

215 1096 305 1148 Sic
329 1095 566 1148 animum
590 1114 740 1149 curas
764 1115 908 1149 acres
933 1097 1239 1166 luctumque
1264 1103 1583 1164 metumque.

217 1164 392 1228 Quare
409 1165 719 1233 participem
743 1166 838 1218 leti
863 1182 1071 1232 quoque
1094 1166 1340 1218 convenit
1366 1183 1488 1218 esse.

287 1233 429 1297 Quin
453 1234 613 1286 etiam
635 1234 826 1286 morbis
850 1235 907 1285 in
932 1234 1156 1301 corporis
1180 1234 1331 1286 avius
1353 1240 1495 1286 errat

215 1301 365 1370 Saepe
387 1302 594 1354 animus
607 1320 623 1366 ;
659 1302 917 1354 dementit
940 1302 1096 1367 enim,
1122 1302 1388 1369 deliraque
1411 1303 1586 1356 fatur:

217 1368 594 1438 Interdumque
618 1371 768 1437 gravi
790 1370 1028 1436 lethargo
1052 1371 1221 1422 fertur
1246 1371 1301 1421 in
1326 1370 1497 1422 altum

213 1438 596 1507 AEternumque
620 1455 868 1507 soporem,
892 1438 1056 1490 oculis
1079 1445 1322 1506 nutuque
1346 1438 1557 1490 cadenti
1579 1456 1591 1490 τ

215 1507 369 1561 Unde
392 1524 566 1576 neque
588 1507 809 1561 exaudit
833 1524 996 1574 voces,
1019 1524 1189 1575 neque
1212 1523 1421 1559 noscere
1445 1507 1626 1559 vultus

217 1575 440 1630 Illorum
463 1576 600 1645 potis
624 1581 717 1641 est,
741 1576 810 1628 ad
834 1577 1001 1628 vitam
1024 1577 1118 1643 qui
1141 1581 1443 1627 revocantes

216 1645 585 1711 Circumstant,
609 1644 893 1712 lachrymis
915 1651 1151 1696 rorantes
1176 1660 1267 1696 ora
1288 1658 1567 1710 genasque.
1795 1644 1903 1698 470

217 1714 389 1778 Quare
413 1714 650 1767 animum
674 1730 878 1782 quoque
902 1712 1116 1765 dissolvi
1138 1714 1338 1765 fateare
1362 1728 1569 1764 necesse
1594 1718 1691 1777 est,

216 1782 403 1845 Quand
472 1782 648 1835 uidem
672 1789 953 1851 penetrant
976 1782 1033 1834 in
1059 1800 1178 1834 eum
1204 1781 1449 1849 contagia
1471 1780 1670 1833 morbi:

214 1850 353 1903 Nam
377 1850 443 1903 do
465 1869 522 1904 or
544 1869 607 1904 ac
629 1852 840 1904 morbus
863 1851 960 1905 leti
983 1851 1269 1904 fabricator
1291 1856 1514 1918 uterque
1538 1857 1618 1903 est
1639 1868 1654 1914 ;

214 1918 509 1972 Multorum
532 1920 695 1973 exitio
718 1921 955 1989 perdocti
977 1921 1117 1989 quod
1142 1937 1321 1972 sumus
1346 1926 1486 1972 ante.

283 1988 538 2057 Denique,
562 2006 650 2041 cor
672 1989 946 2044 hominum
971 2007 1137 2058 quum
1163 1990 1274 2042 vini
1300 1989 1379 2041 vis
1403 1988 1702 2058 penetravit

214 2055 380 2122 Acris,
404 2063 460 2109 et
482 2057 539 2110 in
563 2076 720 2111 venas
745 2058 980 2111 discessit
1004 2058 1205 2111 diditus
1228 2059 1395 2124 ardor,

216 2125 560 2193 Consequitur
581 2127 814 2194 gravitas
838 2127 1204 2193 membrorum,
1230 2126 1629 2196 praepediuntur

215 2193 377 2246 Crura
401 2195 686 2262 vacillanti,
712 2196 961 2249 tardescit
984 2196 1185 2263 lingua,
1210 2196 1387 2249 madet
1411 2213 1573 2260 mens,

213 2261 265 2313 N
265 2267 358 2314 ant
382 2262 550 2327 oculi;
587 2264 796 2330 clamor,
820 2264 1102 2332 singultus,
1119 2264 1302 2332 jurgia
1324 2265 1555 2332 gliscunt
1574 2282 1587 2327 ;
1901 2317 1911 2325 ,

214 2330 283 2383 Et
297 2332 412 2398 jam
436 2340 608 2385 cetera
632 2333 697 2385 de
722 2350 911 2400 genere
934 2333 1033 2385 hoc
1058 2350 1405 2401 quaecumque
1430 2337 1740 2399 sequuntur;
1794 2331 1899 2383 480

215 2399 316 2451 Cur
337 2417 400 2453 ea
425 2408 565 2469 sunt,
590 2402 693 2453 nisi
717 2402 858 2469 quod
883 2401 1161 2456 vehemens
1186 2402 1437 2456 violentia
1462 2401 1574 2453 vini

216 2467 531 2523 Conturbare
555 2470 788 2523 animam
811 2470 1084 2523 consuevit
1108 2487 1321 2539 corpore
1345 2470 1403 2522 in
1425 2470 1539 2536 ipso
1564 2467 1584 2519 'l

216 2535 287 2589 At
311 2554 654 2607 quaecumque
679 2544 880 2607 queunt
904 2538 1207 2591 conturbari
1231 2540 1391 2606 inque
1415 2536 1601 2605 pediri,

214 2604 537 2673 Significant,
562 2607 721 2675 paulo
745 2608 789 2659 si
814 2607 994 2659 durior
1017 2607 1301 2658 insinuarit

216 2673 393 2741 Causa,
417 2675 528 2729 fore
553 2681 614 2728 ut
638 2681 868 2743 pereant,
895 2692 1004 2728 aevo
1028 2676 1237 2743 privata
1260 2674 1456 2724 futuro.
