2084 3000
732 153 950 207 LIBER
983 153 1271 207 PRIMUS.
1773 156 1839 207 19

135 257 368 325 Essent,
391 274 509 326 quae
532 255 647 309 loca
670 257 1005 325 complerent,
1031 272 1375 325 quaecumque
1399 259 1667 308 tenerent:

297 345 346 394 e,
371 326 512 395 qnod
536 333 630 392 est,
654 327 900 394 spatium,
924 343 1153 378 vacuum
1176 331 1440 378 constaret
1462 325 1632 378 inane.

141 396 396 448 Alternis
421 396 589 463 igitur
611 396 862 447 nimirum
887 412 1074 464 corpus
1097 395 1245 447 inani

141 464 507 530 Distinctum,
533 464 780 532 quoniam
803 480 900 515 nec
924 465 1142 532 plenum
1165 463 1407 531 gnaviter
1430 469 1621 528 exstat,

142 534 201 586 N
203 550 270 585 ec
294 550 451 602 porro
475 549 703 584 vacnum
727 551 741 596 3
777 538 903 584 sunt
926 549 1050 600 ergo
1074 549 1288 600 corpora
1311 539 1469 599 certa,

147 610 292 666 Quae
320 602 553 670 spatium
576 601 731 669 pleno
756 601 956 669 possint
980 602 1304 668 distinguere
1326 601 1500 653 inane.

230 670 369 723 Haec
393 686 564 737 neque
589 669 801 722 dissolvi
823 670 995 739 plagis
1020 670 1344 721 extrinsecus
1368 670 1476 722 icta
1581 670 1589 675 ’

151 738 413 805 Possunt,
436 755 534 791 nec
556 755 708 807 porro
732 740 944 807 penitus
969 744 1247 806 penetrata
1268 738 1468 803 retexi3
1740 740 1844 790 530

151 807 274 859 Nec
297 809 505 860 ratione
529 814 733 876 queunt
756 807 862 859 alia
885 812 1097 860 tentata
1120 806 1324 859 labare:

156 876 229 929 Id
254 876 399 944 quod
416 878 530 944 jam
556 893 714 956 supra
737 875 837 928 tibi
861 877 1020 956 paulo
1045 874 1366 928 ostendimus
1389 880 1527 929 ante.

154 945 212 998 N
214 963 305 997 am
329 962 501 1014 neque
524 945 702 996 colhdi
727 946 837 996 sine
861 946 1009 996 mani
1033 962 1180 1013 posse
1206 945 1416 997 videtur

160 1013 487 1083 Quidquam,
512 1030 609 1065 nec
633 1014 823 1081 frangi,
848 1030 944 1065 nec
967 1014 1102 1067 findi
1119 1014 1176 1067 in
1199 1014 1326 1066 bina
1350 1013 1595 1066 secando:

159 1083 278 1135 Nec
303 1099 489 1151 capere
513 1083 798 1149 humorem,
822 1100 993 1151 neque
1016 1083 1147 1135 item
1170 1082 1433 1135 manabile
1454 1083 1638 1150 frigus,

160 1151 279 1205 Nec
301 1151 626 1221 penetralem
647 1152 843 1219 ignem,
867 1151 1058 1220 quibus
1082 1152 1257 1204 omnia
1281 1152 1642 1205 conficiuntur.

165 1220 241 1273 Et
266 1238 371 1290 quo
395 1238 616 1289 quaeque
640 1220 808 1288 magis
833 1220 1041 1273 cohibet
1064 1238 1146 1273 res
1169 1221 1315 1273 intus
1339 1221 1512 1289 inane,

166 1289 301 1342 Tam
324 1290 492 1357 magis
516 1290 599 1341 his
620 1289 777 1341 rebus
800 1290 1012 1358 penitus
1036 1295 1245 1342 tentata
1268 1289 1503 1343 labascit.

169 1358 326 1427 Ergo,
352 1359 398 1411 si
422 1358 587 1411 solida
610 1375 672 1411 ac
697 1358 808 1411 sine
831 1357 979 1411 inani
1003 1375 1218 1427 corpora
1240 1359 1412 1427 prima

170 1427 325 1495 Sunt,
349 1427 428 1481 ita
452 1428 534 1481 uti
558 1427 726 1494 docui,
752 1435 877 1480 sunt
901 1428 1015 1480 haec
1039 1434 1234 1480 aeterna
1257 1444 1465 1480 necesse
1488 1433 1581 1480 est.
1746 1429 1848 1478 640

242 1496 517 1564 Praeterea,
541 1496 647 1548 nisi
669 1497 913 1549 materies
937 1503 1136 1550 aeterna
1158 1496 1361 1564 fuisset,

173 1566 416 1619 Antehac
440 1566 509 1618 ad
532 1566 759 1618 nihilum
784 1567 1102 1635 penitus-res
1126 1582 1350 1635 quaeque
1371 1564 1658 1629 redissent3

175 1635 257 1689 De
280 1636 552 1703 nihiloque
574 1640 760 1687 renata
776 1654 798 1686 «ι
821 1635 997 1688 forent
1020 1651 1365 1703 quascumque
1389 1634 1642 1687 videmus.

175 1707 250 1757 At
272 1704 519 1772 quoniam
543 1721 703 1773 supra
726 1703 896 1772 docui,
919 1704 998 1756 nil
1021 1721 1171 1773 posse
1194 1703 1360 1756 creari

176 1772 257 1826 De
280 1773 461 1840 nihilo,
484 1790 552 1825 ne
588 1790 670 1840 ne,
695 1773 834 1841 quod
852 1774 1096 1841 genitum
1120 1779 1214 1841 est,
1240 1773 1309 1825 ad
1333 1771 1411 1825 nil
1432 1773 1694 1838 revocari;

178 1841 305 1897 Esse
325 1842 568 1894 immorta
593 1842 605 1853 ⁶
632 1841 917 1910 primordia
941 1859 1152 1912 corpore
1177 1842 1384 1910 debent,

178 1910 402 1964 Dissolvi
421 1927 524 1978 quo
546 1928 767 1979 quaeque
790 1929 1030 1979 supremo
1056 1917 1289 1981 tempore
1305 1910 1528 1992 possint,
1585 1924 1589 1928 *

181 1978 425 2032 Materies
449 1986 512 2032 ut
536 1980 841 2099 suppeditet
862 1978 1017 2032 rebus
1040 1980 1360 2049 reparandm.

183 2047 317 2101 Sunt
338 2048 504 2116 igitur
526 2048 622 2101 soh
660 2066 692 2100 a
714 2048 999 2117 primordia
1021 2048 1374 2117 simplicitate,

183 2116 234 2170 N
235 2134 291 2170 ec
312 2117 512 2169 ratione
535 2125 738 2186 queunt
761 2117 869 2170 alia
892 2124 1100 2170 servata
1122 2135 1215 2186 per
1239 2135 1414 2171 aevum
1749 2118 1853 2168 550

185 2185 267 2238 Ex
288 2185 492 2239 infinito
506 2188 624 2254 jam
648 2192 880 2255 tempore
902 2204 986 2239 res
1007 2204 1264 2255 reparare.

533 2307 729 2362 Contra
752 2307 1033 2378 infinitum
1056 2316 1103 2361 et
1125 2305 1467 2359 indivisibile.

253 2392 502 2462 Denique,
526 2393 571 2445 si
594 2393 799 2445 nullam
822 2393 982 2444 finem
1005 2396 1199 2444 natura
1223 2396 1457 2460 parasset

191 2460 503 2530 Frangendis
525 2462 695 2529 rebus,
712 2463 828 2530 jam
852 2478 1068 2529 corpora
1091 2459 1335 2512 materiai

193 2529 358 2597 Usque
380 2530 596 2583 redacta
617 2530 807 2594 forent,
832 2546 942 2582 aevo
966 2529 1247 2595 frangente
1270 2527 1456 2594 priore,
1769 2594 1777 2601 ⁶

193 2597 264 2652 Ut
285 2599 414 2652 nihil
436 2616 506 2652 ex
529 2599 636 2652 illis
660 2616 693 2651 a
716 2604 858 2650 certo
883 2603 1117 2664 tempore
1141 2601 1314 2663 posset
1690 2649 1701 2658 ἡ
1733 2634 1742 2641 .
1768 2610 1813 2642 ..η

774 2698 796 2728 «ι
823 2705 986 2744 quoque
1008 2697 1137 2736 nata3
1168 2690 1265 2728 MS.
