2084 3000
782 190 997 244 LIBER
1034 192 1358 256 QUINTUS.
1813 197 1911 248 181

233 291 344 345 Sed
365 308 519 361 mage
541 298 732 364 pecata
753 311 901 363 posse
925 296 1101 348 omnia
1122 303 1300 348 mente
1323 297 1476 351 tueri.

231 362 286 414 N
288 380 374 415 am
402 380 566 431 quum
590 364 900 432 suspicimus
923 366 1105 432 magni
1129 365 1360 418 coelestia
1382 366 1569 418 mundi

230 431 455 499 Templa
478 449 648 501 super,
673 433 939 501 stellisque
963 434 1280 486 micantibus
1306 435 1502 489 aethera
1524 436 1707 505 fixum,

230 500 308 553 Et
333 502 480 553 venit
501 501 560 553 in
582 508 815 554 mentem
839 502 959 554 solis
983 503 1230 571 lunaeque
1254 503 1474 572 viarum,

231 570 398 637 Tunc,
423 569 541 622 aliis
565 587 809 640 oppressa
830 570 998 637 malis,
1022 572 1082 623 in
1106 577 1314 639 pectore
1338 590 1465 625 cura

232 639 344 691 Illa
367 656 575 707 quoque
598 641 1026 709 expergefactum
1052 645 1213 709 caput
1237 642 1435 708 erigere
1456 642 1593 711 infit,

228 707 285 761 N
286 725 317 760 e
341 724 456 776 quae
480 709 615 761 forte
639 710 798 761 deum
821 708 971 762 nobis
994 709 1249 761 immensa
1272 716 1504 778 potestas

231 777 335 843 Sit,
358 777 502 830 vario
525 783 675 830 motu
697 795 814 848 quae
840 778 1065 831 candida
1093 778 1263 831 sidera
1285 785 1470 833 verset.

231 846 430 898 Tentat
455 846 595 899 enim
619 847 833 900 dubiam
855 854 1088 900 mentem
1110 847 1329 900 rationis
1352 853 1568 916 egestaS,
1772 853 1908 906 1210

230 914 549 983 Ecquaenam
576 916 739 972 fuerit
761 917 947 970 mundi
970 916 1217 985 genitalis
1242 917 1418 985 orig03

230 983 306 1036 Et
330 984 501 1052 simul,
526 1002 704 1054 ecquae
728 987 798 1039 sit
820 986 955 1052 finis,
980 986 1154 1054 quoad
1175 988 1369 1038 moenia
1391 986 1594 1054 mundi,

232 1052 308 1105 Et
332 1053 467 1106 tanti
494 1061 668 1107 motus
691 1056 833 1107 hunc
857 1055 1058 1122 possint
1081 1055 1216 1108 ferre
1238 1054 1497 1110 laborem:

233 1121 337 1189 An,
362 1122 620 1176 divinitus
644 1130 841 1176 aeterna
864 1124 1059 1178 donata
1084 1124 1268 1191 salute,

235 1188 498 1260 Perpetuo
521 1192 723 1260 possint
746 1192 847 1245 aevi
868 1192 1103 1245 labentia
1126 1198 1302 1245 tractu

234 1259 487 1313 Immensi
511 1260 712 1313 validas
737 1262 836 1315 aevi
859 1268 1190 1314 contemnere
1213 1262 1362 1315 vires·

305 1327 579 1396 Praeterea,
604 1331 692 1382 cni
715 1348 822 1382 non
845 1331 1053 1382 animus
1076 1330 1355 1383 formidine
1378 1330 1565 1383 divum

235 1397 611 1467 Contrahitur'l
648 1400 734 1451 cui
757 1416 864 1451 non
888 1405 1171 1468 correpunt
1192 1399 1427 1451 membra
1449 1417 1655 1468 pavore,

235 1465 496 1519 Fulminis
518 1466 757 1522 horribili
779 1485 945 1536 quum
967 1469 1126 1538 plaga.
1149 1468 1346 1522 torrida
1368 1468 1527 1522 tellus

237 1536 540 1603 contremit,
556 1543 610 1590 et
622 1554 876 1605 magnum
899 1543 1213 1607 percurrunt
1234 1555 1505 1591 murmura
1522 1538 1747 1593 coelum?
1776 1542 1911 1592 1220

235 1604 360 1657 Non
383 1606 565 1673 populi
588 1612 872 1675 gentesque
894 1607 1165 1661 tremunt?
1200 1624 1449 1675 regesque
1474 1608 1686 1677 superbi

237 1673 538 1743 corripiunt
560 1675 745 1727 divum
769 1676 994 1744 perculsi
1016 1674 1250 1728 membra,
1269 1677 1469 1744 timore,

235 1742 318 1795 Ne
340 1743 480 1810 quod
503 1743 568 1794 ob
591 1744 877 1799 admissum
886 1744 1051 1812 soene,
1078 1744 1347 1798 dictumve
1370 1744 1602 1812 superbe,

237 1810 517 1865 Poenarum
539 1830 697 1880 grave
721 1813 790 1867 sit
814 1814 1049 1869 solvendi
1070 1819 1277 1882 tempus
1301 1814 1583 1867 adactum?

238 1880 452 1934 Summa
475 1883 636 1935 etiam
659 1900 823 1950 quum
846 1883 926 1937 vis
950 1883 1169 1936 violenti
1192 1899 1286 1951 per
1308 1900 1451 1935 mare
1475 1882 1622 1935 venti

237 1949 665 2019 Induperatorem
689 1951 865 2004 classis
890 1969 1045 2021 super
1068 1969 1276 2019 aequora
1299 1951 1478 2018 verrit,

235 2019 366 2071 Cum
389 2019 577 2072 validis
601 2021 798 2088 pariter
819 2020 1113 2089 legionibus
1137 2026 1298 2088 atque
1323 2020 1645 2089 elephantis:

234 2087 355 2140 Non
378 2087 563 2141 divfim
586 2106 770 2157 pacem
791 2091 927 2143 votis
951 2091 1079 2155 adit,
1104 2107 1166 2142 ac
1191 2106 1342 2157 prece
1368 2088 1554 2156 quaesit

237 2157 524 2210 Ventorum
546 2158 770 2226 pavidus
793 2175 962 2227 paces,
985 2160 1289 2226 animasque
1314 2157 1604 2211 secundas'l

234 2225 629 2295 Nequidquam:
665 2227 914 2294 quoniam
936 2228 1167 2281 violento
1192 2226 1402 2279 turbine
1426 2243 1560 2296 saepe
1771 2229 1912 2278 1230

236 2294 509 2364 Correptus
532 2295 700 2349 nihilo
723 2296 892 2348 fertur
915 2296 1090 2348 minus
1114 2295 1182 2347 ad
1206 2295 1343 2349 vada
1366 2296 1488 2349 leti:

235 2363 411 2432 Usque
434 2365 563 2417 adeo
586 2382 667 2416 res
690 2364 946 2417 humanas
969 2365 1049 2418 vis
1073 2364 1256 2417 abdita.
1280 2365 1521 2431 quaedam

235 2431 452 2501 Obtefit,
477 2438 532 2485 et
554 2433 799 2503 pulchros
821 2433 987 2486 fasces
1011 2450 1274 2501 saevasque
1298 2449 1499 2485 secures

236 2500 541 2555 Proculeare
564 2519 626 2555 ac
649 2502 877 2554 ludibrio
901 2502 999 2554 sibi
1022 2501 1215 2555 habere
1238 2502 1463 2555 videtur.

301 2571 542 2640 Denique
565 2572 662 2624 sub
684 2570 903 2639 pedibus
927 2571 1086 2623 tellus
1145 2587 1276 2622 uum
1298 2575 1412 2622 tota
1435 2566 1666 2632 vacillat,

237 2638 606 2707 Ooncussaeque
629 2640 830 2692 cadunt
852 2638 1022 2705 urbeS,
1046 2638 1118 2690 du
1154 2639 1324 2704 iaeque
1347 2637 1644 2688 minantur:

238 2707 374 2773 Quid
397 2709 606 2775 mirum,
631 2708 676 2761 si
699 2725 753 2760 se
777 2712 1024 2761 temnunt
1047 2706 1291 2759 morta-lia
1315 2703 1487 2769 saecla,
