2084 3000
218 195 277 243 32
819 192 875 245 Τ.
913 191 1246 244 LUORE'PII

210 293 321 346 Nec
344 292 546 345 ratione
568 292 674 345 alia
696 300 899 345 nosmet
923 310 1207 361 proponere
1231 293 1378 345 nobis

206 358 490 415 Possumus
514 361 743 413 infernas
767 361 969 413 animas
994 361 1295 414 Acherunte
1319 377 1523 428 vagare.

210 429 442 481 Pictores
465 430 643 496 itaque
667 435 721 482 et
745 430 1058 497 scriptorum
1083 430 1235 483 saecla
1258 432 1430 499 priora

209 497 296 550 Sic
320 498 522 550 animas
545 498 952 550 introduxerunt
976 499 1214 551 sensibus
1237 505 1432 551 auctas.
1774 501 1881 550 630

208 567 282 621 At
306 583 475 634 neque
499 583 727 618 seorsum
751 566 903 634 oculi,
928 583 1099 635 neque
1122 585 1288 634 nares,
1313 584 1410 620 nec
1432 583 1621 619 manus
1645 566 1760 634 ipsa

207 630 336 689 Esse
360 640 531 703 potest
553 635 746 703 anima,
769 652 937 704 neque
962 653 1190 688 seorsum
1212 636 1413 704 lingua,
1436 653 1604 704 neque
1628 653 1778 687 aures

208 703 469 771 Auditum
492 721 586 772 per
608 721 662 756 se
685 710 903 772 possunt
927 705 1134 771 sentire,
1159 721 1329 772 neque
1352 721 1475 757 esse.

279 771 351 824 Et
374 772 619 840 quoniam
643 778 754 825 toto
778 774 1030 825 sentimus
1055 790 1265 842 corpore
1287 774 1455 826 inesse

206 838 440 893 'Vitalem
464 859 687 907 sensum,
712 847 768 893 et
789 847 961 893 totum
987 858 1096 894 esse
1119 842 1347 894 animale
1369 841 1637 905 videmus3

205 908 267 969 Si
291 910 462 962 subito
484 910 719 961 medium
741 908 897 961 celeri
919 910 1215 979 praeciderit
1238 911 1352 963 ictu

210 971 306 1029 'vis
329 977 521 1058 aliqua,
544 984 609 1029 ut
632 994 857 1028 seorsum
880 984 1085 1046 partem
1110 986 1343 1032 secernat
1368 984 1657 1047 utramque,

207 1044 500 1113 {Dispertita
522 1045 704 1113 procul
728 1044 885 1098 dubio
909 1063 1117 1115 quoque
1140 1047 1219 1099 vis
1243 1049 1457 1115 animai,

208 1112 281 1165 Et
304 1112 518 1166 discissa
541 1113 698 1165 simul
721 1131 841 1166 cum
865 1131 1091 1183 corpore,
1116 1116 1421 1168 dis'icietur.

205 1181 284 1233 At
307 1182 449 1248 quod
473 1182 729 1234 scinditur
752 1189 807 1235 et
829 1190 1006 1252 partes
1029 1183 1141 1235 disc
1211 1185 1252 1236 't
1276 1185 1333 1237 in
1355 1184 1507 1252 ullas,
1776 1188 1884 1237 640

209 1248 420 1303 Scilicet
444 1257 692 1303 aeternam
717 1250 816 1303 sibi
840 1257 1087 1305 naturam
1111 1253 1300 1305 abnuit
1322 1270 1446 1306 esse.

278 1318 560 1371 Falciferos
582 1327 874 1373 memorant
897 1338 1081 1373 currus
1103 1322 1405 1374 abscindere
1427 1321 1662 1375 membra

209 1385 357 1455 Saepe
380 1387 458 1440 ita
481 1387 547 1453 de
570 1388 742 1443 subito
765 1391 1029 1457 permixta
1052 1390 1194 1443 caede
1218 1391 1461 1456 calentes,

214 1453 286 1509 Ut
310 1461 531 1511 tremere
554 1457 612 1510 in
635 1463 776 1512 terra
798 1459 1041 1512 videatur
1064 1459 1132 1512 ab
1154 1458 1373 1513 artubus
1396 1459 1452 1512 id
1477 1460 1614 1528 quod

207 1524 418 1579 Decidit
441 1527 752 1592 abscissum;
789 1544 953 1595 quum
977 1545 1125 1582 mens
1148 1535 1327 1581 tamen
1350 1535 1511 1597 atque
1534 1529 1759 1581 hominis
1786 1530 1866 1582 vis

208 1593 506 1649 Mobilitate
528 1596 656 1650 mali
680 1613 785 1649 non
809 1597 928 1665 quit
951 1599 1145 1649 sentire
1169 1597 1424 1660 dolorem;

208 1662 279 1715 Et
304 1664 461 1716 simul
483 1665 541 1717 in
564 1682 758 1733 pugnae
783 1666 957 1718 studio
981 1667 1121 1734 quod
1145 1665 1327 1719 dedita
1349 1683 1497 1719 mens
1520 1672 1615 1734 est,

208 1731 428 1801 Corpore
452 1750 572 1785 cum
595 1734 799 1802 reliquo
821 1751 1057 1803 pugnam
1081 1734 1351 1802 caedesque
1375 1735 1608 1803 petissit:

205 1798 316 1853 Nec
341 1807 501 1868 tenet,
525 1802 770 1855 amissam
792 1803 979 1855 laevam
1004 1820 1123 1855 cum
1147 1804 1379 1871 tegmine
1402 1820 1537 1872 saepe

207 1868 355 1921 Inter
377 1885 533 1949 equos
557 1870 801 1922 abstraxe
823 1877 964 1923 rotas
986 1872 1250 1940 falcesque
1272 1889 1511 1941 rapaces:
1779 1875 1884 1924 650

202 1935 315 1993 Nec
338 1936 583 1989 cecidisse
606 1938 743 1990 alius
766 1939 1023 2008 dextram,
1051 1957 1216 2008 quum
1239 1941 1445 1994 scandit
1468 1948 1523 1994 et
1546 1941 1724 1995 instat.

203 1999 338 2057 Inde
361 2005 497 2057 alius
521 2012 742 2059 conatur
763 2006 1009 2076 adempto
1033 2026 1243 2076 surgere
1266 2026 1430 2076 crure,

204 2073 381 2137 Quum
405 2073 598 2141 digitos
620 2076 793 2142 agitat
815 2084 1029 2146 propter
1051 2078 1395 2131 moribundus
1418 2077 1569 2131 humi
1593 2095 1713 2147 pes;

201 2140 274 2195 Et
297 2149 472 2212 caput,
495 2142 781 2197 abscissum
804 2145 973 2198 calido
997 2146 1312 2215 vivenoeque
1333 2152 1536 2214 trunco,

201 2210 387 2264 Servat
410 2211 561 2263 humi
584 2212 794 2265 vultum
818 2214 1033 2267 vitalem
1059 2215 1337 2284 oculosque
1360 2221 1616 2285 patentes,

199 2279 381 2333 Donec
402 2279 652 2348 reliquias
675 2282 878 2335 animai
901 2282 1135 2336 reddidit
1158 2299 1349 2337 omnes.

276 2349 416 2413 Quin
441 2349 603 2402 etiam
627 2350 728 2403 tibi
751 2351 796 2403 si
819 2350 1006 2419 lingua
1029 2350 1271 2404 vibrante
1293 2352 1524 2405 minanti

201 2415 267 2469 Se
360 2418 468 2469 ntis
491 2418 661 2471 cauda
684 2426 739 2471 et
762 2436 974 2486 procero
998 2436 1223 2486 corpore,
1247 2420 1517 2489 utrimque

200 2484 282 2536 Sit
327 2485 518 2537 ibitum
541 2486 599 2538 in
621 2487 818 2539 multas
841 2493 1017 2553 partes
1040 2487 1332 2540 discindere
1354 2489 1493 2541 ferro
1512 2506 1528 2553 ;

201 2552 392 2605 Omnia
407 2555 524 2621 jam
547 2572 778 2606 seorsum
801 2570 979 2604 cernes
1002 2555 1201 2605 amcisa
1221 2558 1421 2607 recenti
1776 2561 1883 2611 660

209 2619 433 2673 Vulnere
457 2622 660 2686 tortari,
684 2627 738 2672 et
762 2627 958 2671 terram
983 2637 1323 2687 conspergere
1347 2622 1471 2680 tabo
1493 2642 1507 2686 3

200 2685 378 2755 Ipsam
403 2705 558 2756 seque
579 2696 719 2741 retro
743 2693 949 2756 partem
971 2696 1153 2758 petere
1177 2705 1263 2741 ore
1286 2689 1529 2758 priorem,
