2084 3000
779 207 998 261 LIBER
1033 207 1374 273 QUARTUS.
1801 211 1900 261 139

227 310 381 375 Quod
403 311 601 380 petiere
624 316 872 380 premunt
895 317 1054 379 arcte,
1079 311 1388 380 faciuntque
1413 311 1644 365 dolorem

227 380 481 449 Corporis,
506 385 562 431 et
586 380 767 432 dentes
790 380 1009 432 illidunt
1033 397 1172 448 saepe
1195 380 1415 447 labellis,

227 448 522 516 Osculaque
545 447 805 515 affligunt,
830 449 957 516 quia
978 465 1085 500 non
1109 453 1189 500 est
1249 466 1347 501 ura
1370 449 1640 517 voluptas:

225 515 299 568 Et
323 515 524 568 stimuli
548 515 787 583 subsunt,
808 518 898 584 qui
920 517 1180 584 instigant
1202 466 1392 570 lgedere
1416 516 1472 570 id
1495 518 1685 584 ipsum,

227 584 605 651 Quodcumque
629 590 724 651 est,
747 584 916 636 rabies
940 585 1083 636 unde
1106 584 1212 636 illse
1236 586 1472 651 germina
1496 589 1735 653 surgunt.

224 651 330 705 Sed
351 652 539 705 leviter
560 669 741 720 poenas
763 653 966 720 frangit
991 651 1170 704 Venus
1193 653 1334 705 inter
1356 670 1600 721 amorem,
1766 654 1898 704 1080

224 719 535 789 Blandaque
556 720 787 773 refrenat
810 738 1012 773 morsus
1034 721 1275 773 admixta
1297 721 1554 789 voluptas.

297 789 535 857 Namque
557 788 616 841 in
639 806 699 841 eo
723 806 839 857 spes
863 795 958 855 est,
984 789 1125 841 unde
1149 794 1228 841 est
1251 789 1447 841 ardoris
1471 790 1628 857 origo,

225 856 371 909 Rest‘
453 857 506 909 ui
519 873 726 925 quoque
741 874 889 926 posse
907 857 973 909 ab
991 857 1173 910 eodem
1190 873 1401 924 corpore
1418 857 1684 910 flammam
1698 875 1713 921 ς

227 923 379 988 Quod
440 925 516 977 eri
539 933 721 978 contra
744 932 916 979 totum
939 930 1133 978 natura
1154 931 1443 993 repugnat:

226 992 449 1061 Unaque
471 1010 553 1048 res
577 993 688 1045 haec
712 1000 805 1060 est,
830 996 980 1061 cujus
1005 1009 1111 1061 quo
1132 993 1365 1073 plurima
1387 993 1655 1059 habemus,

223 1060 357 1112 'Pam
380 1061 548 1128 magis
571 1061 796 1116 ardescit
819 1062 935 1115 dira
957 1062 1215 1130 cupedlne
1238 1066 1435 1130 pectus.

227 1128 369 1182 Nam
392 1128 540 1181 cibus
563 1136 723 1197 atque
746 1129 933 1182 humor
954 1129 1201 1184 membris
1224 1131 1511 1182 assumitur
1533 1130 1710 1194 intus3

224 1197 355 1262 Quae
379 1196 628 1265 quoniam
652 1203 819 1250 certas
842 1204 1062 1266 possunt
1085 1197 1317 1250 obsidere
1342 1205 1533 1267 partes,

226 1264 344 1317 Hoc
369 1265 525 1317 facile
548 1266 793 1335 expletur
815 1266 1035 1319 laticum
1058 1267 1377 1334 frugumque
1401 1266 1620 1335 cupido:

225 1331 312 1384 Ex
336 1333 561 1386 hominis
585 1351 707 1387 vero
728 1334 878 1400 facie,
903 1334 1224 1402 pulchroque
1247 1334 1415 1387 colore
1762 1336 1897 1387 1090

222 1399 316 1453 Nil
340 1401 498 1454 datur
520 1402 577 1453 in
601 1418 787 1470 corpus
810 1409 999 1471 praeter
1023 1402 1303 1471 simulacra
1324 1402 1610 1457 fruendum

224 1467 457 1535 Tenuia5
481 1486 597 1539 quae
620 1477 778 1525 vento
801 1487 917 1540 spes
939 1477 1118 1541 raptat
1141 1487 1276 1541 saepe
1299 1470 1517 1525 misella.

224 1537 300 1591 Ut
321 1538 497 1591 bibere
520 1540 578 1591 in
601 1541 794 1591 somnis
817 1540 999 1592 sitiens
1023 1557 1188 1608 quum
1211 1541 1415 1607 quaerit,
1438 1546 1494 1592 et
1516 1539 1706 1591 humor

222 1606 342 1659 Non
367 1608 539 1675 datur,
564 1608 799 1661 ardorem
822 1608 1069 1660 membris
1092 1608 1185 1677 qui
1208 1608 1476 1676 stinguere
1501 1608 1696 1676 possit3

224 1674 328 1728 Sed
351 1676 572 1729 laticum
596 1676 874 1729 simulacra
898 1678 1049 1745 petit,
1072 1677 1370 1745 frustraque
1394 1676 1611 1739 laborat,

224 1743 291 1795 In
314 1744 591 1812 medioque
614 1745 729 1798 sitit
752 1746 973 1798 torrenti
1002 1745 1222 1797 flumine
1245 1751 1461 1813 potans:

222 1811 310 1864 Sic
334 1812 392 1863 in
415 1829 589 1865 amore
614 1813 793 1865 Venus
817 1814 1107 1866 simulacris
1130 1813 1270 1866 ludit
1293 1818 1560 1877 amantes;

221 1879 333 1932 Nec
357 1881 548 1933 satiare
571 1889 774 1949 queunt
798 1883 1081 1950 spectando
1106 1899 1164 1934 co
1258 1899 1318 1935 ra
1342 1899 1530 1949 coram,

223 1947 337 2000 Nec
359 1949 603 2001 manibus
628 1950 914 2018 quidquam
939 1952 1132 2004 teneris
1156 1969 1188 2003 a
1221 1951 1403 2003 radere
1425 1950 1670 2003 membris

221 2014 463 2084 Possunt,
488 2025 723 2071 errantes
746 2018 934 2070 incerti
958 2036 1168 2087 corpore
1192 2025 1319 2073 toto.
1751 2020 1887 2072 1100

289 2084 530 2153 Denique
554 2103 718 2154 quum
740 2086 984 2138 membris
1009 2087 1212 2140 collatis
1236 2087 1361 2140 flore
1384 2088 1639 2140 fruuntur

219 2152 430 2221 AEtatis,
449 2155 563 2221 jam
587 2171 753 2221 quum
776 2155 1023 2223 praesagit
1047 2156 1242 2222 gaudia
1265 2172 1465 2224 corpus,

220 2220 268 2272 A
330 2238 397 2273 ue
419 2222 478 2273 in
501 2239 561 2274 eo
585 2228 664 2274 est
689 2223 885 2284 Venus,
910 2229 971 2277 ut
992 2222 1271 2275 muliebria
1295 2229 1532 2276 conserat
1555 2240 1715 2286 arva3

219 2288 267 2341 A
325 2295 461 2357 gunt
483 2291 638 2343 avide
662 2307 862 2359 corpus,
879 2291 1220 2358 junguntque
1243 2292 1435 2345 salivas

219 2357 350 2424 Oris,
375 2363 431 2410 et
452 2358 716 2426 inspirant
739 2365 1032 2426 pressantes
1057 2358 1304 2411 dentibus
1328 2376 1449 2422 ora3

216 2424 615 2494 Nequidquam3
639 2427 888 2495 quoniam
912 2426 1048 2481 nihil
1073 2428 1197 2480 inde
1219 2427 1468 2480 abradere
1492 2431 1728 2495 possunt,

216 2494 329 2546 Nec
350 2500 638 2562 penetrare,
664 2500 719 2547 et
742 2494 884 2547 abire
908 2495 965 2546 in
988 2512 1175 2563 corpus
1198 2512 1408 2564 corpore
1432 2499 1556 2547 toto.

215 2561 355 2615 Nam
377 2562 550 2615 facere
572 2563 843 2617 interdum
866 2564 1016 2630 velle,
1041 2571 1096 2616 et
1120 2569 1318 2618 certare
1341 2563 1589 2614 videntur
1601 2579 1616 2623 3

217 2628 396 2698 Usque
418 2630 549 2684 adeo
572 2631 764 2699 cupide
788 2632 846 2683 in
864 2632 1084 2685 Veneris
1108 2648 1221 2684 com
1332 2629 1446 2682 'bus
1469 2628 1684 2696 herent,

217 2696 458 2753 Membra
475 2698 764 2768 voluptatis
787 2700 916 2752 dum
938 2700 994 2752 vi
1015 2648 1612 2767 labefacffiquescunt.
1754 2698 1889 2748 1110
