2084 3000
745 227 960 280 LIBER
994 228 1272 282 SEXTUS.
1745 233 1847 282 219

250 327 574 396 Quapropter
594 326 726 380 bene
749 326 839 380 ubi
862 327 975 380 haec
999 328 1306 380 confirmata
1328 333 1487 395 atque
1509 327 1682 381 locata

184 395 370 449 Omnia
393 396 724 448 constiterint
747 396 895 448 nobis
918 402 1194 465 praeposta,
1256 403 1434 460 arata3

182 464 329 526 Quod
352 469 600 532 superest,
622 465 778 516 facile
802 464 928 516 hinc
949 466 1086 518 ratio
1108 465 1201 518 red
1238 470 1369 531 etur,
1393 471 1448 518 et
1471 464 1639 517 omnis

182 532 349 585 Causa
371 532 601 601 patefiet,
626 549 743 601 quae
767 533 894 584 ferri
917 533 1151 601 pelliciat
1174 533 1296 585 vim.
1713 535 1846 584 1000

247 600 528 668 Principio,
542 600 701 653 fluere
725 618 754 653 e
777 601 952 670 lapide
976 601 1077 653 hoc
1101 602 1361 669 permulta
1383 617 1590 654 necesse
1613 607 1692 653 est

179 667 402 735 Semina,
427 669 535 722 sive
560 674 762 735 aestum,
786 669 880 737 qui
903 669 1122 721 discutit
1144 671 1269 722 aera
1292 670 1346 737 pl
1419 670 1486 723 ἐτ

179 736 325 789 Inter
384 737 442 789 ui
463 737 694 806 lapidem
715 739 1015 806 ferrumque
1039 742 1119 789 est
1143 754 1366 805 cumque
1410 743 1606 793 ocatus.

179 805 293 857 Hoc
316 822 355 858 u
390 806 410 857 i
433 806 673 858 inanitur
695 807 939 874 spatium,
961 803 1268 873 multusque
1291 806 1479 859 vacefit

179 873 244 926 In
265 874 436 926 medio
459 874 636 937 locus;
671 874 935 941 extemplo
958 874 1242 943 primordia
1263 874 1389 926 ferri

179 941 244 993 In
266 958 494 994 vacuum
516 942 758 1011 prolapsa
781 943 977 995 cadunt
1001 943 1296 1010 conjuncta,
1320 942 1384 993 fit
1406 946 1572 1009 utque

175 1009 421 1061 Annulus
443 1011 462 1062 i
501 1028 554 1064 se
579 1016 838 1079 sequatur,
864 1028 925 1064 ea
984 1028 1053 1063 ue
1076 1011 1154 1062 ita
1178 1027 1386 1079 corpore
1409 1016 1535 1064 toto·

176 1077 286 1129 Nec
307 1095 389 1131 res
545 1080 714 1148 magis
737 1080 949 1149 primori
985 1097 1049 1131 us
1068 1096 1140 1132 ex
1163 1079 1434 1132 elementis

177 1145 497 1214 Indupedita
520 1148 629 1199 suis
651 1155 795 1200 arcte
817 1164 1055 1201 connexa
1078 1148 1317 1216 cohaeret,

178 1214 348 1276 Quam
371 1214 535 1267 validi
556 1216 684 1266 ferri
705 1221 909 1267 naturae
931 1216 1157 1281 frigidus
1180 1215 1374 1268 horror.
1710 1217 1846 1267 1010

177 1281 292 1345 Quo
314 1282 488 1334 minus
512 1287 592 1335 est
613 1283 822 1349 mirum,
847 1283 987 1350 quod
1010 1282 1220 1349 dicitur,
1245 1299 1312 1334 ex
1336 1283 1606 1336 elementis

176 1350 400 1418 Corpora
423 1350 469 1402 si
490 1355 762 1417 nequeunt
786 1350 850 1403 de
872 1350 1008 1402 ferro
1032 1350 1189 1417 plura
1211 1355 1388 1402 coorta

176 1417 243 1470 In
266 1435 495 1471 vacuum
517 1419 660 1485 ferri,
686 1419 812 1485 quin
836 1418 1066 1471 annulus
1089 1418 1200 1486 ipse
1225 1422 1502 1486 sequatur:

176 1486 327 1550 Quod
351 1487 512 1553 facit;
547 1492 603 1541 et
627 1486 867 1555 sequitur
889 1486 1053 1540 donec
1076 1486 1316 1555 pervenit
1339 1486 1408 1540 ad
1430 1487 1605 1555 ipsum

173 1555 214 1608 J
214 1573 301 1608 am
325 1556 569 1624 lapidem,
594 1557 847 1623 caecisque
870 1556 928 1608 in
951 1571 1012 1608 eo
1035 1554 1374 1623 compagibus
1393 1555 1563 1609 hoesit.

174 1623 291 1676 Hoc
313 1624 376 1676 fit
399 1625 529 1677 item
552 1629 767 1677 cunctas
790 1625 848 1676 in
871 1629 1062 1693 partes,
1085 1624 1227 1675 unde
1250 1623 1440 1676 vacefit

175 1692 453 1761 Quumque
475 1693 635 1759 locus,
659 1693 767 1745 sive
792 1709 858 1746 ex
884 1698 1191 1758 transvers0‚
1216 1692 1325 1745 sive
1350 1708 1589 1760 superne,

175 1760 399 1829 Corpora
423 1761 672 1813 continuo
695 1761 753 1813 in
776 1777 1000 1814 vacuum
1022 1760 1201 1813 vicina
1220 1761 1478 1813 feruntur.

174 1829 381 1897 Quippe
403 1829 680 1898 agitantur
703 1830 844 1883 enim
867 1828 1038 1898 'plagis
1062 1828 1289 1896 aliunde,
1313 1846 1411 1882 nec
1434 1829 1550 1897 ipsa

172 1896 369 1965 Sponte
394 1915 489 1951 sua
512 1915 720 1951 sursum
742 1904 962 1967 possunt
985 1914 1175 1951 consur
1211 1913 1295 1949 ere
1319 1897 1377 1949 in
1400 1914 1568 1951 auras.
1710 1899 1846 1949 1020

242 1964 366 2018 Huc
388 1967 590 2020 accedit
613 1968 757 2034 item,
782 1984 942 2035 quare
966 1971 1125 2036 queat
1149 1966 1169 2019 i
1226 1965 1395 2034 magis
1419 1984 1555 2019 esse:

171 2032 302 2085 Hoec
328 2050 531 2103 quoque
555 2053 637 2087 res
661 2036 964 2105 adjumento
986 2041 1237 2104 motuque
1257 2036 1508 2103 juvatur:

172 2101 323 2164 Quod
348 2103 504 2155 simul
528 2120 561 2156 a
582 2105 759 2156 fronte
782 2110 861 2156 est
884 2104 1085 2157 annelli
1106 2104 1271 2156 rarior
1292 2106 1386 2157 aer

170 2168 379 2237 Factus,
402 2171 737 2239 inanitusque
759 2171 902 2223 locus
924 2172 1094 2239 magis
1116 2188 1178 2223 ac
1201 2177 1486 2234 vacuatus3

170 2237 432 2291 Continuo
455 2239 533 2306 fit,
556 2240 655 2303 uti,
679 2240 772 2308 qui
795 2245 914 2308 post
938 2244 1018 2291 est
1042 2254 1269 2306 cumque
1292 2238 1498 2292 locatus

169 2305 295 2373 Aer,
319 2323 352 2358 a
377 2312 524 2374 tergo
548 2308 699 2374 quasi
722 2307 979 2376 provehat
1002 2312 1165 2374 atque
1188 2307 1464 2376 propellat.

169 2372 386 2442 Semper
408 2376 548 2427 enim
572 2375 770 2428 circum
862 2376 992 2428 situs
1015 2392 1098 2427 res
1121 2375 1360 2428 verberat
1383 2378 1488 2428 aer.

168 2440 274 2494 Sed
299 2442 395 2494 tali
417 2443 481 2495 fit
502 2443 587 2494 uti
610 2460 770 2512 prope
845 2450 870 2496 t
893 2449 1127 2511 tempore
1149 2444 1363 2510 ferrum,

168 2509 331 2563 Parte
356 2510 493 2577 quod
516 2528 584 2563 ex
606 2528 718 2563 una
741 2512 972 2580 spatium
997 2517 1168 2578 vacat,
1193 2517 1247 2564 et
1271 2511 1416 2580 capit
1439 2511 1497 2562 in
1521 2527 1588 2562 se.

168 2577 278 2630 Hic
302 2577 415 2644 tibi,
441 2594 596 2645 quem
618 2595 860 2645 memoro,
885 2597 980 2647 per
1001 2579 1182 2632 crebra
1204 2579 1462 2632 foramina
1483 2577 1611 2631 ferri
1712 2580 1845 2631 1030

169 2646 370 2699 Parvae
393 2645 461 2698 ad
486 2652 661 2714 partes
686 2646 951 2699 subtiliter
974 2647 1291 2713 insinuatae,

169 2713 364 2767 Trudit
385 2718 442 2767 et
464 2714 717 2781 impellit:
755 2714 906 2784 quasi
929 2732 1091 2768 naves
1115 2715 1336 2782 velaque
1360 2715 1548 2768 ventis.
