2084 3000
217 162 284 219 86
837 157 893 209 Τ.
931 154 1265 208 LUCRETII

537 283 799 337 Animam
822 282 1064 336 nativam
1086 291 1133 336 et
1155 281 1423 335 mortalem
1445 297 1557 334 esse.

274 390 432 446 Nune
455 407 568 460 age,
592 391 798 444 nativos
822 391 1195 458 animantibus,
1220 396 1275 443 et
1297 390 1542 443 mortales

205 461 332 514 Esse
355 461 570 526 animos,
595 461 901 528 animasque
925 460 1078 526 leves,
1102 467 1166 512 ut
1189 477 1399 512 noscere
1421 459 1584 528 possis
1604 477 1619 522 3

206 530 511 599 Conquisita
534 529 643 598 diu,
667 529 911 598 dulcique
934 534 1143 598 reperta
1164 528 1353 595 labore,
1785 531 1893 580 420

205 598 382 668 Digna
405 605 501 652 tua
523 616 740 668 pergam
763 599 1035 667 disponere
1061 598 1295 651 carmina
1318 596 1444 650 vita.

80 711 95 721 .
205 667 287 720 'ru
307 668 394 722 fac
416 674 703 737 utrumque
726 685 832 721 uno
857 667 1145 736 subjunges
1169 683 1360 720 nomen
1383 683 1574 733 eorum,

203 735 382 805 Atque
404 737 635 790 animam
660 737 803 791 verbi
826 753 985 789 causa
1008 752 1173 805 quum
1196 735 1367 789 dicere
1390 751 1619 815 pergam,

204 804 485 860 Mortalem
509 824 620 859 esse
644 806 847 872 docens,
870 805 1108 858 animum
1131 820 1334 886 quoque
1358 804 1527 857 dicere
1545 803 1739 870 credite,

207 874 481 940 Quatenus
505 882 585 929 est
608 892 778 928 unum
800 876 940 927 inter
964 891 1018 927 se
1042 890 1157 940 σου]
1165 880 1425 941 unctaque
1448 890 1529 926 res
1552 878 1647 926 est.

276 943 557 1013 Principio,
581 944 830 1012 quoniam
854 948 1071 996 tenuem
1092 947 1330 996 constare
1352 942 1574 996 minutis

206 1011 515 1081 Corporibus
539 1012 709 1078 docui,
731 1011 847 1063 mul
939 1028 1002 1064 ue
1025 1010 1313 1064 minoribus
1336 1028 1447 1064 esse

205 1078 484 1150 Principiis
507 1081 718 1148 factam,
743 1097 904 1149 quam
951 1080 1159 1148 ‘quidus
1183 1079 1370 1135 humor
1392 1082 1567 1147 aquai,

205 1149 318 1200 Aut
341 1149 548 1216 nebula,
572 1155 668 1202 aut
689 1150 901 1202 fumus:
937 1166 1063 1203 nam
1086 1149 1241 1216 longe
1263 1148 1559 1202 mobilitate

207 1215 446 1284 Praestat,
471 1224 525 1271 et
548 1235 582 1271 a.
604 1218 754 1271 tenui
778 1235 936 1271 causa
957 1218 1127 1286 magis
1149 1217 1259 1270 icta.
1280 1223 1521 1270 movetur
1539 1236 1554 1281 ;
1780 1220 1886 1269 430

207 1285 415 1355 Quippe
437 1286 532 1339 ubi
553 1287 871 1356 imaginibus
894 1286 1029 1340 fumi
1053 1286 1362 1354 nebulaeque
1384 1293 1675 1340 moventur.

207 1355 359 1421 Quod
381 1372 546 1424 genus
569 1356 627 1409 in
651 1356 844 1410 somnis
867 1356 1025 1425 sopiti
1049 1355 1142 1408 ubi
1165 1355 1425 1408 cernimus
1448 1355 1560 1413 alta.

205 1423 471 1478 Exhalare
493 1442 561 1478 va
627 1443 684 1479 re
707 1426 911 1493 altaria,
936 1425 1176 1507 ferreque
1193 1424 1402 1477 fumum
1421 1441 1433 1477 :

205 1492 344 1548 Nam
367 1494 550 1564 procul
612 1513 686 1550 aec
709 1494 869 1549 dubio
892 1493 1040 1548 nobis
1065 1492 1346 1547 simulacre.
1368 1497 1668 1561 genantur:

205 1562 362 1617 Nunc
384 1563 551 1632 igitur
572 1566 837 1635 quoniam,
861 1563 1119 1634 quassatis
1142 1562 1379 1630 undique
1403 1564 1555 1629 vasis,

204 1631 455 1686 Diffluere
478 1634 751 1690 humorem
774 1640 830 1688 et
851 1633 1064 1687 laticem
1088 1631 1351 1685 discedere
1374 1632 1541 1685 cernis
1560 1650 1576 1696 3

206 1701 278 1755 Et
300 1701 495 1756 nebula
516 1721 579 1757 ac
601 1704 778 1757 fumus
800 1702 1049 1773 quoniam
1072 1700 1294 1755 discedit
1316 1700 1375 1752 in
1397 1717 1583 1753 auras:

207 1770 383 1837 Crede,
407 1771 639 1824 animam
700 1789 866 1841 uoque
890 1771 1133 1839 diffundi,
1156 1769 1428 1837 multoque
1452 1769 1621 1838 perire

207 1838 380 1906 Ocius,
403 1844 458 1893 et
481 1839 639 1892 citius
703 1840 715 1853 '
800 1840 878 1893 lvi
899 1841 958 1893 in
1134 1856 1197 1893 ra
1218 1839 1404 1908 prima,

207 1908 384 1972 Quum
407 1908 567 1960 semel
589 1908 830 1962 omnibus
853 1926 921 1962 ex
943 1926 1084 1963 mem
1119 1908 1192 1961 ris
1214 1907 1394 1964 ablata
1416 1906 1641 1966 recessit.
1781 1910 1885 1959 440

207 1976 414 2045 Quippe
437 1976 634 2029 etenim
656 1993 857 2045 corpus,
880 1978 1022 2047 quod
1040 1994 1133 2034 ves
1155 1976 1305 2046 quasi
1330 1976 1571 2032 constitit
1594 1977 1722 2044 ejus,

207 2045 384 2111 Quum
407 2044 646 2099 cohibere
669 2045 855 2115 nequit
877 2053 1283 2115 conquassatum
1304 2062 1374 2100 ex
1395 2045 1578 2115 aliqua
1598 2062 1656 2100 re

205 2115 284 2166 Ac
306 2114 642 2178 rarefactum,
666 2113 903 2169 detracto
927 2116 1185 2184 sanguine
1209 2115 1387 2168 venis:

205 2182 343 2236 Aere
367 2182 460 2252 qui
482 2183 662 2237 credas
686 2201 834 2252 posse
855 2184 994 2239 hanc
1017 2183 1305 2238 cohiberier
1327 2183 1452 2252 ullo,

205 2251 426 2321 Corpore
449 2251 543 2321 qui
566 2259 742 2307 nostro
763 2270 911 2308 rarus
935 2254 1105 2322 magis
1128 2251 1509 2306 incohibescit‘i

271 2356 534 2417 ,Animam
554 2372 599 2418 et
622 2380 808 2434 corpus
829 2364 995 2419 simul
1016 2364 1168 2419 nasci
1188 2372 1235 2419 et
1269 2380 1479 2419 crescere
1501 2373 1549 2419 et
1571 2363 1801 2418 interire.

274 2454 550 2524 Praetereo,²
571 2457 722 2525 gigni
744 2457 942 2526 pariter
965 2473 1088 2516 eum
1110 2472 1321 2524 corpore
1344 2461 1400 2510 et
1422 2474 1532 2512 une.

205 2521 443 2576 Crescere
466 2526 736 2591 sentimuS,
760 2524 1059 2593 pariterque
1083 2540 1345 2576 senescere
1368 2531 1613 2577 mentem.

204 2589 344 2641 Nam
366 2591 514 2643 velut
536 2592 743 2644 infimo
767 2590 917 2658 pueri
940 2596 1221 2657 teneroque
1244 2598 1508 2657 vagantur

205 2656 440 2726 Corpore,
464 2660 540 2711 sie
562 2659 727 2712 animi
750 2657 985 2725 sequitur
1007 2657 1269 2711 sententia
1293 2659 1481 2712 tenuis.
