2084 3000
210 209 312 259 180
809 207 866 260 Τ.
902 206 1239 260 LUCRE'HI

208 309 501 376 Terrarum,
523 312 578 361 et
600 308 748 361 festis
772 308 913 376 cogit
937 307 1196 360 celebrare
1219 307 1429 362 diebus:

208 379 330 432 Non
353 379 431 430 ita
454 378 665 430 difficile
688 385 768 429 est
789 377 1047 429 rationem
1070 377 1285 429 reddere
1308 376 1492 430 verbis.

280 448 486 516 Quippe
510 447 703 498 etenim
721 447 836 514 jam
859 453 972 497 tum
999 445 1184 498 divum
1206 447 1451 499 mortalia.
1474 446 1629 500 saecla

207 516 459 584 Egregiae
482 515 657 567 animo
680 515 840 567 facies
864 505 1123 581 vigil'ante
1146 514 1411 582 videbant,

208 585 280 637 Et
303 585 470 652 magis
493 584 551 634 in
574 584 766 635 somnis
790 583 1029 635 mirando
1054 584 1279 652 corporis
1302 590 1479 638 auctu.
1744 586 1889 640 1170

208 654 309 706 His
332 655 497 721 igitur
521 670 729 705 sensum
753 651 1070 719 tribuebant,
1095 658 1370 720 propterea
1393 654 1532 721 quod

207 722 449 775 Membra.
470 723 677 774 movere
701 721 1029 788 videbantur,
1055 737 1309 788 vocesque
1332 723 1578 790 superbas

208 790 431 844 Mittere
455 809 548 860 pro
571 791 706 843 facie
730 790 980 860 praeclara
1003 796 1058 841 et
1081 790 1280 842 viribus
1304 792 1521 860 amplis:

206 861 583 928 AEternamque
606 860 803 912 dabant
827 860 1007 925 vitam,
1034 860 1159 927 quia
1183 876 1385 927 semper
1408 877 1583 913 eorum

207 929 652 998 Suppeditabatur
672 930 848 995 facieS,
873 934 927 980 et
949 929 1118 980 forma
1140 928 1418 993 manebat3

204 998 276 1050 Et
301 1005 478 1050 tamen
502 998 727 1064 omnino,
751 997 891 1065 quod
914 999 1080 1049 tantis
1103 995 1302 1049 viribus
1325 1004 1506 1050 auctos

203 1066 324 1119 Non
340 1073 541 1119 temere
564 1066 674 1117 ulla
698 1067 751 1117 vi
776 1065 1015 1118 convinci
1039 1082 1188 1135 posse
1210 1066 1485 1135 putabant.

204 1135 552 1203 Fortunisque
575 1135 691 1187 ideo
715 1135 869 1202 longe
892 1145 1140 1202 praestare
1163 1135 1438 1203 putabant,

205 1204 356 1268 Quod
378 1203 560 1255 mortis
583 1203 740 1255 timor
761 1204 906 1256 haud
932 1221 1248 1271 quemquam
1270 1209 1486 1257 vexaret
1509 1220 1701 1271 eorum,

204 1274 276 1325 Et
300 1273 456 1325 simul
479 1273 536 1324 in
560 1274 753 1325 somnis
778 1273 905 1341 quia
926 1274 1098 1325 multa
1121 1281 1176 1325 et
1198 1273 1332 1324 mira
1354 1273 1605 1325 videbant
1736 1274 1874 1325 1180

204 1342 434 1408 Efficere,
459 1348 514 1395 et
535 1343 745 1394 nullum
769 1359 953 1410 capere
976 1344 1115 1411 ipsos
1139 1342 1261 1393 inde
1285 1342 1527 1395 laborem.

272 1411 544 1482 Praeterea,
569 1412 685 1465 coeli
707 1412 933 1464 rationes
957 1411 1137 1463 ordine
1160 1415 1299 1462 certo

203 1480 274 1535 Et
297 1482 444 1534 varia
466 1500 720 1535 annorum
744 1480 1025 1534 cernebant
1049 1486 1285 1549 tempora
1307 1479 1471 1545 verti3

204 1551 314 1603 Nec
338 1557 582 1620 poterant
606 1552 795 1620 quibus
820 1551 874 1602 id
897 1550 1047 1602 fieret
1071 1566 1377 1617 cognoscere
1401 1550 1597 1602 causis:

207 1619 342 1687 Ergo
366 1621 667 1688 perfugium
693 1621 791 1673 sibi
816 1619 1096 1685 habebant,
1122 1619 1298 1670 omnia
1321 1618 1458 1671 divis

204 1687 440 1754 Tradere,
466 1695 520 1741 et
544 1691 753 1741 illorum
775 1695 914 1741 nutu
937 1690 1109 1740 facere
1133 1688 1309 1740 omnia.
1330 1687 1488 1741 flecti.

206 1757 270 1808 In
295 1758 527 1825 coeloque
550 1758 710 1810 desim
733 1759 878 1810 sedes
902 1764 956 1811 et
979 1757 1179 1824 templa
1203 1756 1457 1823 locarunt,

204 1825 304 1877 Per
327 1827 516 1878 coelum
540 1827 679 1878 volvi
704 1826 827 1895 quia
850 1826 926 1879 sol
949 1832 1003 1878 et
1026 1825 1157 1878 luna
1180 1826 1457 1889 videntur3

203 1894 367 1959 Luna,
394 1895 518 1961 dies,
544 1900 598 1946 et
622 1912 742 1962 nort,
769 1901 822 1947 et
846 1895 1014 1946 noctis
1040 1895 1191 1962 signa
1215 1911 1408 1960 severa,

202 1963 249 2013 N
254 1963 609 2030 octivagaeque
632 1963 771 2014 faces
798 1963 928 2028 coeli,
953 1963 1283 2030 flammaeque
1307 1963 1557 2028 volanteS,
1734 1966 1871 2015 1190

202 2030 413 2097 Nubila,
438 2048 534 2096 ros,
561 2030 764 2097 imbres,
790 2032 899 2097 nix,
924 2033 1086 2099 venti,
1111 2032 1353 2098 fulmina,
1377 2031 1592 2099 grando,

201 2099 272 2151 Et
296 2099 468 2167 rapidi
490 2099 746 2166 fremituS,
773 2106 827 2151 et
850 2116 1121 2153 murmura
1142 2118 1337 2168 magna
1360 2101 1637 2152 minarum.

273 2169 316 2220 O
340 2185 505 2235 genus
530 2167 718 2220 infelix
742 2170 1066 2225 humanum!
1095 2170 1224 2221 talia
1250 2169 1385 2221 divis

203 2237 380 2298 Quum
404 2237 592 2289 tribuit
613 2237 772 2306 facta,
797 2245 956 2307 atque
980 2239 1084 2290 iras
1107 2238 1355 2307 adjunxit
1379 2237 1616 2291 acerbas:

203 2306 436 2369 Quantos
461 2313 577 2357 tum
602 2308 829 2374 gemitus
852 2308 955 2376 ipsi
979 2308 1093 2375 sibi,
1119 2312 1422 2376 quantaque
1445 2306 1593 2359 nobis

201 2374 450 2440 Vulnera,
476 2392 604 2442 quas
628 2375 886 2443 lacrymas
947 2393 1156 2443 eperere
1180 2374 1459 2427 minoribu‘
1485 2374 1702 2428 nostris!

269 2442 379 2493 Nec
403 2444 571 2510 pietas
594 2443 706 2495 ulla
729 2451 821 2509 est,
847 2394 1082 2496 vel'atum
1106 2460 1241 2512 saepe
1264 2443 1433 2495 videri

199 2507 406 2560 Vertier
430 2511 497 2561 ad
522 2511 764 2579 lapidem,
789 2516 948 2578 atque
973 2528 1150 2563 omnes
1174 2510 1417 2563 accedere
1439 2510 1507 2563 ad
1531 2528 1676 2576 aras;

197 2573 308 2625 Nec
332 2579 666 2642 procumbere
689 2579 839 2630 humi
867 2584 1197 2646 prostratum,
1221 2583 1275 2630 et
1298 2579 1526 2646 pandere
1550 2581 1753 2648 palmas

198 2641 339 2691 Ante
362 2642 521 2695 desim
545 2646 776 2710 delubra,
802 2663 897 2697 nec
921 2663 1036 2698 aras
1062 2646 1317 2714 sanguine
1339 2647 1508 2698 multo
1732 2653 1864 2704 1200

197 2706 450 2773 Spargere
472 2714 886 2783 quadrupedum,
910 2730 1007 2767 nee
1029 2715 1166 2768 votis
1188 2718 1395 2767 nectere
1418 2720 1541 2768 vota
1553 2734 1570 2780 3
