2084 3000
757 228 972 281 LIBER
1007 227 1284 281 SEXTUS.
1747 226 1851 280 217

182 330 368 397 Frigus
391 333 456 381 ut
476 346 511 381 a
532 329 720 397 fluviis,
748 329 887 382 calor
906 346 942 381 a
966 330 1087 396 sole,
1112 334 1271 380 aestus
1294 327 1361 379 ab
1385 327 1541 378 undis

180 398 437 466 AEquoris,
461 415 641 450 exesor
662 414 944 450 moerorum
967 398 1126 449 litora
1149 402 1387 465 propter:

179 467 290 519 Nec
314 466 447 518 varii
470 469 673 519 cessant
696 465 897 518 sonitus
918 483 1133 518 manare
1155 482 1248 533 per
1270 480 1439 517 auras.

178 534 431 602 Denique,
445 534 503 585 in
526 551 582 586 os
605 534 728 586 salsi
752 535 897 587 venit
919 534 1107 586 humor
1130 549 1265 601 saepe
1288 533 1497 600 saporis,

180 604 354 668 Quum
375 619 518 654 mare
541 618 809 655 versamur
831 607 1071 670 propter3
1106 602 1379 668 dilutaque
1403 606 1584 652 contra
1752 601 1855 651 930

179 671 352 735 Quum
374 670 574 723 tuimur
597 670 802 722 misceri
825 669 1104 737 absinthia,
1129 670 1304 736 tangit
1326 686 1554 721 amaror:

178 738 351 807 Usque
372 739 501 791 adeo
525 738 766 790 omnibus
788 737 855 790 ab
878 738 1031 790 rebus
1055 755 1137 791 res
1160 753 1382 805 quaeque
1404 737 1628 789 fluenter

175 806 378 873 Fertur,
402 814 457 859 et
479 807 538 859 in
561 812 776 859 cunctas
800 806 1091 859 dimittitur
1114 806 1347 873 undique
1370 810 1545 873 partes
1566 822 1578 857 :

177 873 288 927 Nec
310 891 470 941 mora,
496 892 592 928 nec
614 876 815 942 requies
839 875 978 926 inter
1000 874 1160 926 datur
1181 874 1293 925 ulla
1316 872 1544 935 fluendi3

175 941 437 1011 Perpetuo
462 943 710 1010 quoniam
733 944 1003 1008 sentimus,
1028 948 1083 994 et
1108 942 1283 994 omnia
1307 957 1510 1009 semper

175 1010 409 1078 Cernere,
434 1011 637 1064 odorari
660 1011 799 1077 licet,
822 1017 878 1063 et
903 1012 1097 1063 sentire
1120 1027 1304 1062 sonare

241 1078 399 1131 Nunc
423 1095 601 1131 omnes
622 1086 858 1148 repetam
880 1096 1040 1159 quam
1063 1096 1181 1131 raro
1204 1094 1415 1147 corpore
1438 1078 1544 1130 sint
1566 1094 1648 1129 res

174 1146 598 1213 Commemome,
624 1147 764 1213 quod
787 1148 845 1198 in
868 1161 1036 1215 primo
1096 1164 1266 1215 uoque
1290 1148 1521 1199 carmine
1545 1146 1721 1198 claret.

174 1213 379 1282 Quippe
404 1215 615 1280 etenim,
641 1231 958 1281 quamquam
982 1165 1177 1266 muffms
1202 1214 1300 1267 hoc
1325 1216 1554 1281 pertinet
1578 1215 1645 1266 ad
1668 1230 1750 1265 res

174 1281 412 1349 Noscere,
437 1298 559 1334 cum
581 1282 763 1349 primis
786 1281 924 1333 hanc
948 1282 1016 1335 ad
1039 1298 1153 1333 rem
1175 1283 1415 1350 protinus
1437 1282 1622 1349 ipsam,
1750 1283 1854 1333 940

176 1351 294 1413 Qua
318 1350 383 1401 de
408 1350 657 1401 disserere
679 1349 968 1416 aggredior,
992 1349 1201 1402 firmare
1223 1365 1431 1403 necesse
1454 1356 1549 1415 est,

170 1418 264 1470 Nil
287 1435 398 1470 esse
421 1417 481 1469 in
504 1422 765 1485 promptu,
788 1417 893 1469 nisi
914 1418 1144 1469 mixtum
1168 1434 1368 1486 corpus·
1377 1417 1540 1470 inani.

238 1485 506 1553 Principio
529 1485 607 1553 fit,
632 1490 694 1539 ut
717 1486 777 1538 in
801 1486 1064 1554 speluncis
1088 1504 1217 1539 saxa
1240 1503 1468 1555 superna

169 1553 376 1608 Sudent
398 1555 630 1619 humore,
655 1560 710 1607 et
733 1554 903 1622 guttis
925 1553 1256 1608 manantibu’
1281 1554 1511 1607 stillent:

169 1622 363 1675 Manat
387 1623 518 1675 item
541 1623 690 1674 nobis
713 1639 743 1674 e
767 1628 879 1675 toto
904 1640 1115 1691 corpore
1139 1623 1329 1686 sudor3

168 1691 366 1744 Crescit
388 1690 551 1743 barba
574 1691 774 1759 pilique
798 1707 889 1759 per
912 1693 1089 1743 omnia
1111 1690 1357 1757 membra,
1382 1708 1476 1758 per
1498 1695 1669 1744 artus:

164 1758 383 1812 Diditus
406 1760 466 1810 in
488 1775 648 1812 venas
672 1759 819 1811 cibus
843 1775 1038 1825 omnes,
1065 1764 1224 1826 auget
1247 1759 1447 1827 alitque

167 1828 406 1895 Corporis
429 1833 691 1879 extremas
714 1843 918 1895 quoque
946 1832 1122 1894 partes
1146 1828 1575 1894 unguiculosque.

165 1895 359 1963 Frigus
383 1896 514 1948 item
537 1896 761 1948 transire
783 1912 877 1976 per
901 1912 988 1960 aes,
1014 1895 1349 1963 calidumque
1372 1912 1630 1963 vaporem,

165 1963 465 2028 Sentimus3
501 1964 756 2017 sentimus
779 1971 908 2016 item
931 1964 1156 2017 transire
1180 1981 1273 2032 per
1296 1981 1481 2016 aurum
1748 1966 1852 2016 950

163 2031 346 2099 Atque
368 2049 465 2100 per
487 2039 781 2100 argentum,
806 2050 970 2100 quum
993 2033 1184 2101 pocula
1208 2032 1365 2100 plena
1388 2038 1642 2087 tenemus,

164 2099 427 2166 Denique,
450 2117 546 2167 per
567 2101 799 2169 dissepta
822 2101 1095 2154 domorum
1122 2118 1281 2154 saxea
1306 2117 1455 2153 voces

164 2166 513 2235 Pervolitant,
537 2173 810 2236 permanat
835 2168 973 2234 odos,
997 2169 1281 2236 frigusque,
1305 2185 1565 2236 vaposque

165 2233 317 2303 Ignis
337 2254 352 2298 3
388 2235 483 2303 qui
505 2235 632 2288 ferri
654 2252 860 2304 quoque
881 2236 993 2288 vim
1016 2242 1290 2302 penetrare
1315 2237 1489 2291 subivit

161 2303 423 2383 Denique,
448 2321 554 2384 qua
576 2304 776 2357 circum
799 2303 952 2356 colli*
975 2302 1138 2356 lorica
1161 2309 1389 2357 coercet:

161 2371 415 2424 Morbida
432 2388 618 2439 nsque
642 2371 815 2437 simul,
841 2387 1004 2438 quum
1028 2371 1354 2426 extrinsecus
1376 2372 1694 2425 insinuatur.

163 2440 240 2493 Et
266 2445 642 2508 tempestatem
666 2445 806 2493 terra
830 2438 1064 2506 coeloque
1087 2445 1318 2492 coortam

163 2508 232 2560 In
257 2508 450 2560 coelum
475 2514 671 2560 terram
746 2524 776 2559 e
798 2512 997 2560 remote
1014 2508 1140 2575 jure
1162 2508 1443 2573 facessunt,

163 2576 604 2643 Quandoquidem
627 2524 766 2627 nilxil
789 2581 884 2643 est,
908 2575 1013 2627 nisi
1036 2593 1154 2629 raro
1178 2592 1388 2642 corpore
1411 2593 1622 2629 nexum.

234 2644 358 2698 Huc
382 2643 602 2710 accedit,
625 2644 709 2697 uti
730 2660 839 2696 non
861 2644 1055 2710 omnia,
1080 2661 1197 2713 quse
1214 2643 1489 2711 jaciuntur
1743 2647 1846 2698 960

869 2732 884 2752 ¹
911 2729 1036 2776 corii;
1065 2729 1160 2768 Me.
