2084 3000
742 197 961 250 LIBER
997 199 1321 263 QUINTUS.

248 299 410 366 Cujus
434 314 530 366 ego
553 297 816 367 ingressus
841 302 1079 370 vestigia,
1105 302 1233 354 dum
1257 303 1486 356 rationes

179 366 479 437 Persequor,
504 383 567 420 ac
591 368 748 421 doceo
772 369 941 438 dictis,
967 388 1069 439 quo
1094 371 1316 440 ‹juaeque
1340 381 1517 426 creata

178 437 393 490 Foedere
417 437 540 504 sint,
563 436 621 488 in
645 453 705 489 eo
729 454 890 506 quam
913 440 984 491 sit
1008 440 1197 493 durare
1221 458 1506 510 necessum,

177 506 288 559 Nec
311 505 513 559 validas
537 506 636 558 aevi
659 506 871 559 valeant
893 508 1186 561 rescindere
1208 509 1366 578 leges.

687 623 950 677 Animam
974 625 1217 678 nativam
1237 644 1351 681 esse.

176 708 294 771 Quo
317 725 506 777 genere
527 709 586 761 in
608 710 792 778 primis
814 711 981 763 animi
1002 716 1197 764 natura
1219 718 1428 781 reperta
1450 718 1546 781 est,

174 777 372 831 Nativo
393 779 621 847 primum
646 781 925 832 consistere
948 797 1160 850 corpore
1184 787 1344 848 creta,

174 846 288 899 Nee
310 864 459 916 posse
481 848 799 901 incolumem
821 866 1079 917 magnum
1102 849 1290 902 durare
1314 867 1407 919 per
1432 867 1627 904 aevum:

176 914 280 969 Sed
303 916 586 970 simulacra
607 917 770 970 solere
792 918 851 969 in
874 919 1069 970 somnis
1091 919 1275 972 fallere
1297 925 1547 986 mentem,

177 985 398 1038 Cernere
421 1002 588 1055 quum
611 986 886 1039 videamur
906 1004 1042 1055 eum,
1071 1004 1230 1056 quem
1252 988 1367 1041 vita
1387 988 1618 1058 reliquit.

522 1104 794 1161 Mundum
815 1116 1006 1162 natum
1027 1117 1075 1161 et
1097 1109 1366 1163 mortalem
1387 1128 1501 1165 esse.

248 1188 400 1254 Quod
424 1197 674 1259 superest,
698 1208 842 1244 nunc
865 1192 973 1245 huc
996 1193 1217 1246 rationis
1241 1194 1436 1248 detulit
1459 1195 1603 1264 ordo,

177 1257 255 1310 Ut
276 1257 425 1326 mihi,
448 1259 660 1312 mortali
684 1261 964 1315 consistere
989 1279 1200 1331 corpore
1221 1263 1498 1331 mundum,

174 1325 537 1396 Nativumque
561 1329 733 1396 simul,
756 1331 893 1382 ratio
917 1330 1184 1384 reddenda
1208 1332 1292 1398 sit,
1317 1349 1443 1385 esse.

173 1392 249 1448 Et
271 1394 460 1464 quibus
482 1397 574 1450 ille
594 1398 762 1450 modis
785 1415 1090 1468 congressus
1113 1400 1356 1453 materiai

177 1464 439 1519 Fundarit
461 1471 670 1535 terram,
695 1467 900 1537 coelum,
924 1485 1083 1537 mare,
1107 1469 1292 1537 sidera,
1317 1469 1479 1522 solem

174 1532 455 1603 Lunaique
476 1535 720 1603 globum3
755 1545 877 1590 tum
899 1555 1016 1607 quae
1040 1539 1231 1591 tellure
1254 1540 1550 1592 animantes

174 1603 512 1671 Exstiterint,
535 1611 590 1657 et
613 1622 732 1674 quse
754 1607 900 1659 nullo
925 1608 1033 1660 sint
1056 1614 1291 1676 tempore
1313 1615 1487 1662 natae:

177 1672 359 1737 Quove
381 1674 537 1727 modo
557 1691 724 1742 genus
747 1674 1041 1729 humanum
1065 1678 1305 1730 variante
1329 1677 1537 1745 loquela

176 1741 405 1811 Coeperit
425 1742 567 1795 inter
589 1759 644 1796 se
667 1744 807 1797 vesci
830 1751 924 1826 'per
946 1746 1160 1798 nomina
1182 1762 1385 1798 rerum:

174 1809 249 1863 Et
272 1810 462 1879 quibus
487 1811 579 1865 ille
601 1813 770 1865 modis
791 1814 979 1868 dxvfim
1001 1821 1175 1867 metus
1198 1815 1480 1868 insinuarit

174 1878 409 1948 Pectora,
434 1886 694 1934 terrarum
717 1883 891 1951 quiin
914 1883 1027 1936 orbi
1052 1892 1234 1937 sancta
1256 1889 1440 1936 tuetur

173 1947 339 2017 Fano,
361 1948 524 2018 lacus,
547 1950 708 2020 lucos,
732 1968 863 2019 aras,
888 1952 1270 2022 simulacraque
1295 1953 1493 2007 divfim.

680 2064 764 2118 De
784 2065 910 2118 solis
931 2065 1171 2137 lamque
1192 2083 1365 2121 cursu.

244 2147 519 2217 Praeterea,
543 2150 666 2204 solis
689 2167 874 2203 cursus
897 2149 1147 2218 lunaeque
1167 2157 1374 2205 meatus

170 2216 483 2287 Expeditum
509 2236 614 2287 qua
636 2219 693 2272 vi
714 2219 896 2271 flectat
921 2227 1114 2272 natura
1135 2220 1460 2287 gubernans:

170 2285 255 2340 Ne
277 2286 415 2340 forte
437 2288 553 2341 hoec
574 2289 717 2341 inter
739 2288 930 2340 coelum
955 2292 1253 2356 terramque
1275 2305 1484 2341 reamur

169 2355 363 2410 Libera
385 2363 570 2426 sponte
594 2374 691 2409 sua
713 2372 894 2410 cursus
917 2355 1143 2408 lustrare
1166 2373 1432 2425 perennes,

170 2423 438 2493 Morigera
458 2426 529 2479 ad
551 2426 729 2494 fruges
753 2425 1020 2493 augendas
1043 2430 1206 2493 atque
1228 2426 1548 2478 animantes:

169 2494 319 2547 Neve
341 2494 521 2563 aliqua
543 2495 729 2548 divfim
752 2494 894 2548 volvi
915 2494 1120 2547 ratione
1143 2499 1403 2562 putemus.

171 2563 330 2631 Nam,
355 2562 488 2617 bene
511 2565 604 2633 qui
626 2563 869 2644 didicere,
893 2563 1030 2616 Deos
1055 2579 1296 2615 securum
1318 2579 1473 2630 agere
1496 2577 1686 2629 aevum,

169 2631 229 2685 Si
252 2638 432 2686 tamen
455 2632 660 2685 interea
681 2639 958 2699 matur,
983 2647 1091 2699 qua
1110 2631 1315 2684 ratione

170 2700 404 2771 Quaeque
425 2700 541 2770 geri
561 2700 779 2770 possint,
802 2701 1093 2771 praesertim
1114 2699 1271 2753 rebus
1293 2699 1352 2752 in
1372 2698 1496 2767 illis,

1760 208 1855 262 147

1790 719 1860 767 60

1792 1541 1860 1595 70
