2084 3000
242 198 342 248 138
863 197 921 249 Τ.
958 196 1292 248 ΙιΠΟΒΕΤΙΙ
2059 210 2064 287 l

241 296 309 347 In
333 294 448 349 loca
470 295 781 349 conveniens
804 311 1087 347 nervorum
1109 301 1267 361 certa,
1292 294 1501 362 cietque
1771 297 1912 347 1040

243 364 504 417 Continuo
526 370 700 433 partes
723 363 978 431 genitales
1002 380 1063 415 co
1127 363 1229 415 oris
1251 364 1424 431 ipsas:

244 432 461 485 Irritata
485 438 692 485 tument
714 432 830 484 loca
853 431 1064 498 semine,
1127 438 1255 498 tque
1278 431 1521 484 voluntas

242 500 446 568 Ejicere
468 500 540 567 id,
564 516 667 568 quo
691 517 746 553 se
769 499 1039 552 contendit
1065 500 1180 552 dira
1202 498 1363 551 libido
1383 519 1398 563 ;

245 567 415 637 quue
438 569 575 637 petit
597 584 782 637 corpus
804 584 966 635 mens,
991 568 1134 619 unde
1158 573 1238 620 est
1262 568 1440 620 saucia
1462 584 1656 621 amore.

243 636 483 704 Namque
506 653 683 690 omnes
706 637 1012 706 plerumque
1036 636 1237 688 cadunt
1258 635 1317 687 in
1341 636 1547 703 vulnus,
1572 643 1626 688 et
1651 635 1802 688 illam

243 704 454 758 Emicat
474 705 533 757 in
556 712 760 775 partem
783 705 1011 773 sanguis,
1033 703 1177 756 unde
1199 704 1389 756 icimur
1411 704 1554 767 ictu;

243 773 317 827 Et
341 773 386 825 si
409 774 643 827 cominus
666 779 762 841 est,
785 774 988 828 hostem
1009 773 1166 824 ruber
1189 778 1411 839 occupat
1435 772 1635 825 humor.

315 842 403 896 Sic
425 843 606 910 igitur,
626 842 845 896 Veneris
868 841 962 910 qui
983 840 1105 892 telis
1127 839 1324 907 accipit
1346 840 1499 907 ictus,

245 910 368 964 Sive
390 928 522 979 puer
543 910 788 963 membris
810 907 1154 962 muliebribus
1177 907 1318 960 hunc
1334 908 1617 976 jaculatur,

246 979 352 1031 Seu
373 980 577 1045 mulier,
602 982 713 1030 toto
729 980 939 1045 jactans
962 993 992 1028 e
1015 992 1226 1044 corpore
1249 993 1491 1043 amorem,
1784 980 1925 1028 1060

247 1046 408 1098 Unde
429 1046 634 1111 feritur,
658 1062 719 1097 eo
742 1045 929 1111 tendit,
953 1045 1089 1111 gesti
1152 1061 1217 1097 ue
1240 1044 1390 1110 coire,

247 1114 320 1166 Et
333 1115 509 1181 jacere
531 1113 804 1166 humorem
825 1112 885 1164 in
908 1129 1097 1180 corpus
1158 1130 1186 1164 e
1210 1128 1420 1181 corpore
1447 1112 1692 1175 ductum;
2061 1080 2064 1193 l

247 1181 386 1234 Nam
420 1198 489 1233 ue
511 1181 839 1251 voluptatem
862 1181 1111 1249 praesagit
1134 1180 1305 1233 multa
1328 1180 1532 1248 cupido.
2063 1214 2064 1225 η

249 1250 381 1302 Haec
453 1267 580 1302 enus
604 1256 684 1301 est
705 1249 884 1313 nobis3
918 1249 1042 1303 hinc
1066 1251 1275 1301 autem¹¹
1298 1254 1377 1300 est
1400 1265 1589 1300 nomen
1614 1246 1854 1301 Amoris:
2063 1274 2064 1309 γ

251 1318 394 1370 Hinc
415 1317 512 1370 illa
533 1324 588 1371 et
611 1319 838 1386 primum
862 1317 1081 1370 Veneris
1108 1316 1403 1369 dulcedinis
1424 1317 1484 1369 in
1507 1334 1594 1369 cor
2063 1314 2064 1353 ἶ

249 1386 488 1440 Stillavit
511 1392 681 1454 gutta,
706 1392 760 1439 et
784 1386 1030 1439 successit
1054 1384 1259 1437 fervida
1280 1402 1419 1437 cura.
2062 1356 2064 1457 A

252 1455 392 1509 Nam
415 1456 460 1509 si
483 1455 644 1524 abest,
669 1455 809 1524 quod
832 1470 988 1522 ames,
1013 1459 1203 1523 praesto
1227 1452 1507 1508 simulacra
1529 1458 1706 1508 tamen
1730 1457 1860 1507 sunt
2061 1484 2062 1491 κ

253 1525 406 1578 Illius
446 1531 501 1578 et
523 1540 713 1578 nomen
735 1524 888 1577 dulce
912 1523 1218 1577 obversatur
1239 1521 1308 1574 ad
1331 1539 1498 1576 aures.
2061 1515 2062 1578 1

324 1565 427 1646 Sed
449 1594 680 1662 fugitare
703 1593 854 1647 decet
876 1591 1170 1658 simulacra,
1194 1595 1250 1642 et
1272 1589 1469 1659 pabula
1491 1590 1680 1643 amoris

253 1661 553 1715 Absterrere
576 1662 691 1730 sibi,
715 1668 878 1729 atque
901 1660 1005 1713 alio
1028 1663 1329 1712 convertere
1351 1665 1614 1721 mentem3
1781 1662 1929 1711 1060

253 1731 325 1783 Et
341 1733 517 1798 jacere
538 1730 809 1784 humorem
832 1729 1113 1781 collectum
1135 1728 1194 1779 in
1217 1744 1431 1795 corpora
1455 1744 1692 1795 quaeque,

254 1798 365 1850 Nec
387 1799 611 1851 retinere
635 1799 791 1850 semel
817 1813 1125 1849 conversum
1148 1795 1307 1847 unius
1330 1811 1518 1862 amore,

254 1866 325 1918 Et
349 1881 553 1918 servare
576 1865 677 1917 sibi
699 1881 880 1916 curam
902 1871 1209 1931 certumque
1232 1863 1476 1917 dolorem.

255 1933 419 1986 Ulcus
441 1933 582 1985 enim
606 1933 824 1985 vivescit
846 1937 903 1984 et
923 1931 1260 1986 inveterascit
1283 1931 1487 1999 alendo,

257 2000 425 2069 Inque
449 2000 558 2052 dies
582 2000 760 2067 gliscit
781 2000 943 2068 furor,
966 2006 1128 2069 atque
1151 2017 1385 2052 aerumna
1406 1998 1682 2067 gravescit,

254 2069 312 2122 Si
334 2085 445 2121 non
469 2069 638 2137 prima
660 2069 808 2121 novis
831 2070 1107 2121 conturbes
1131 2068 1351 2120 vulnera
1373 2068 1558 2136 plagis,

257 2137 656 2205 Vulgivagaque
680 2154 844 2204 vagus
859 2138 1062 2190 Venere
1086 2142 1210 2189 ante
1231 2137 1464 2189 recentia
1487 2152 1649 2202 cures,

256 2205 370 2259 Aut
395 2205 498 2259 alio
520 2206 683 2274 possis
705 2206 871 2259 animi
895 2206 1169 2259 traducere
1191 2212 1381 2257 motus·

325 2274 438 2327 Nec
463 2273 679 2329 Veneris
701 2275 881 2327 fructu
905 2280 1050 2327 caret
1073 2274 1133 2340 is,
1158 2272 1251 2340 qui
1274 2272 1413 2325 vitat
1436 2288 1695 2335 amorem;

258 2342 361 2396 Sed
385 2343 576 2412 potius,
600 2360 717 2411 quus
741 2350 866 2396 sunt
890 2343 1002 2396 sine
1024 2358 1195 2421 poena,
1220 2340 1490 2394 commoda
1513 2340 1687 2393 sumit.
1795 2339 1935 2394 1070

257 2411 399 2462 Nam
421 2416 566 2464 certa
589 2417 643 2463 et
666 2427 800 2478 pura
823 2415 903 2463 est
926 2427 1067 2461 sams
1090 2407 1257 2474 magis
1282 2408 1405 2460 inde
1428 2408 1686 2476 voluptas,

261 2478 432 2541 Quam
453 2478 682 2530 miseris:
707 2476 903 2529 etenim
995 2475 1173 2528 tiundi
1197 2480 1428 2542 tempore
1450 2476 1510 2527 in
1531 2476 1646 2543 ipso

259 2544 513 2596 Fluctuat
534 2543 748 2595 incertis
771 2543 929 2595 errori
965 2559 1028 2592 us
1052 2542 1206 2594 ardor
1225 2548 1501 2595 amantum
1521 2561 1537 2604 ;

259 2611 372 2663 Nec
394 2616 613 2677 constat,
638 2609 766 2678 quid
788 2609 1020 2676 primum
1042 2608 1205 2660 oculis
1227 2608 1574 2677 manibusque
1597 2608 1866 2665 fruantur.

951 2702 972 2728 ¹¹
1001 2703 1125 2749 nitu
1154 2702 1249 2743 MS.
