2084 3000
259 164 325 216 18
882 158 938 212 Τ.
976 157 1310 211 LUGRETH

256 258 468 314 Transit
492 257 634 308 enim
659 257 861 309 fulmen
885 257 1003 310 coeli
1026 275 1121 326 per
1144 262 1293 326 septa
1316 256 1602 321 domorum,
1828 258 1948 311 490

256 327 464 381 Clamor
487 332 550 378 ut
573 342 636 378 ac
660 343 839 389 voces;
875 327 1075 378 ferrum
1100 326 1367 378 candescit
1390 325 1447 376 in
1470 324 1615 393 igni3

256 395 641 461 Dissiliuntque
664 395 771 446 fere
795 394 1023 447 ferventi
1049 411 1177 446 saxa
1201 411 1419 462 vapore:

259 463 698 519 Oollabefactatus
721 463 863 530 rigor
886 463 1004 514 auri
1028 463 1252 514 solvitur
1276 469 1407 514 aestu
1428 481 1440 514 :

259 533 393 586 Tum
416 532 611 600 glacies
635 532 771 584 aeris
793 532 1006 584 flamma
1031 531 1241 584 devicta
1262 531 1533 600 liquescitz

258 600 542 655 Pei-manat
567 599 706 652 calor
730 606 1011 668 argentum
1034 600 1406 669 penetraleque
1429 600 1613 666 frigus,

263 669 482 733 Quando
506 675 791 737 utrumque
814 687 993 737 manu,
1016 669 1305 721 retinentes
1329 668 1518 737 pocula
1540 668 1655 734 rite,

261 737 544 805 Sensimus,
570 738 746 790 infuso
769 738 1109 806 lympharum
1131 755 1246 790 rore
1270 753 1522 805 superne:

263 808 439 876 Usque
463 807 594 860 adeo
618 807 676 861 in
698 808 853 860 rebus
878 806 1031 859 solidi
1056 806 1192 859 nihil
1217 822 1326 859 esse
1350 804 1575 860 videtur.

913 916 1158 972 Solidum
1179 933 1289 971 esse.

265 1003 368 1056 Sed
391 1003 517 1072 quia
540 1020 664 1057 vera
687 1007 866 1055 tamen
889 1001 1025 1054 ratio
1049 1007 1343 1068 naturaque
1365 1016 1542 1051 rerum

267 1073 434 1140 Cogit,
458 1072 598 1136 ades,
622 1072 803 1140 paucis
828 1071 956 1121 dum
979 1068 1213 1122 versibus
1238 1069 1592 1137 expediamuS,
1836 1072 1947 1122 500

268 1142 392 1196 Esse
416 1159 494 1209 ea,
518 1157 634 1208 quse
659 1140 821 1191 solido
845 1145 1004 1206 atque
1027 1144 1224 1190 aeterno
1249 1154 1458 1206 corpore
1482 1143 1724 1190 constent

267 1211 480 1263 Semina
503 1226 620 1278 quae
644 1226 820 1262 rerum
843 1208 1231 1276 primordiaque
1256 1224 1364 1258 esse
1388 1207 1657 1259 docemus:

270 1280 421 1334 Unde
444 1279 612 1331 omnis
634 1295 809 1332 rerum
833 1293 976 1329 nunc
1000 1281 1205 1329 constet
1229 1293 1434 1332 summa
1457 1282 1647 1328 creata.

338 1346 620 1414 Principio,
642 1347 891 1414 quoniam
915 1345 1115 1414 duplex
1138 1351 1330 1398 natura
1354 1346 1579 1402 duarum

267 1416 548 1473 Dissimilis
571 1432 748 1472 rerum
770 1414 925 1482 longe
949 1421 1187 1471 constare
1208 1420 1417 1482 reperta
1440 1419 1535 1481 est,

270 1485 505 1556 Corporis
528 1490 688 1554 atque
710 1482 826 1551 loci,
850 1501 932 1539 res
955 1484 1014 1540 in
1037 1501 1141 1553 quo
1165 1500 1388 1553 ,quaeque
1411 1487 1699 1553 gerunturg

268 1556 395 1612 Esse
418 1560 697 1622 utramque
722 1553 819 1605 sibi
843 1570 936 1622 per
960 1570 1028 1621 se,
1054 1570 1345 1622 puramque
1367 1570 1575 1606 necesse
1600 1558 1712 1605 est:

268 1624 320 1681 N
321 1642 408 1677 am
430 1640 758 1695 quacumque
782 1626 936 1679 vacat
961 1623 1209 1691 spatium,
1229 1622 1376 1695 quod
1398 1622 1555 1674 inane
1580 1637 1839 1687 vocamus,

270 1693 466 1762 Corpus
489 1710 552 1745 ea
573 1709 681 1744 non
706 1697 809 1743 est:
847 1708 953 1760 qua
975 1709 1127 1760 porro
1150 1707 1420 1759 quumque
1444 1694 1591 1742 tenet
1614 1707 1669 1742 se

269 1761 481 1830 Corpus,
506 1778 569 1814 ea
591 1778 818 1819 vacuum
840 1777 1176 1839 nequaquam
1200 1764 1406 1815 constat
1429 1758 1602 1811 inane.
1839 1760 1947 1815 510
2059 1747 2060 1822 1

269 1829 409 1886 Sunt
432 1830 600 1898 igitur
622 1830 787 1886 solida
810 1846 873 1881 ac
897 1845 1008 1880 sme
1032 1827 1182 1879 inani
1205 1843 1419 1894 corpora
1441 1826 1626 1894 prima.

339 1898 613 1966 Praeterea,
639 1899 886 1967 quoniam
908 1896 1102 1964 genitis
1125 1896 1183 1946 in
1205 1894 1359 1946 rebus
1382 1896 1541 1946 inane
1564 1899 1659 1961 est,

269 1966 549 2025 Materiem
571 1968 771 2026 circum
794 1966 1014 2021 solidam
1038 1969 1275 2016 constare
1297 1979 1505 2014 necesse
1528 1968 1635 2019 est:

269 2037 382 2094 Nec
404 2054 486 2089 res
508 2036 622 2089 ulla
645 2040 818 2105 potest
842 2050 965 2090 vera
986 2033 1189 2089 ratione
1212 2031 1420 2099 probari

271 2105 493 2174 Oorpore
515 2106 674 2158 inane
698 2120 792 2156 suo
815 2103 983 2158 celare
1006 2106 1168 2167 atque
1190 2099 1337 2156 intus
1361 2099 1582 2163 habel-03
2059 2111 2060 2206 1

271 2174 330 2228 Si
352 2191 473 2242 non,
499 2173 640 2242 quod
663 2171 886 2237 cohibet,
913 2169 1138 2224 solidum
1164 2174 1401 2220 constare
1424 2167 1704 2234 relinquas,

274 2242 342 2299 Id
364 2260 517 2312 porro
539 2240 690 2306 nihil,
715 2256 823 2292 esse
847 2242 1032 2306 potest,
1057 2237 1160 2294 nisi
1183 2238 1427 2293 materiai

272 2311 579 2378 Concilium,
602 2309 743 2377 quod
766 2309 924 2359 inane
948 2311 1109 2374 queat
1132 2322 1309 2357 rerum
1332 2303 1586 2360 cohibere.

271 2379 521 2437 Materies
543 2378 722 2445 igitur,
748 2376 911 2428 solido
935 2392 1054 2443 quae
1078 2391 1288 2442 corpore
1312 2379 1532 2441 constat,

271 2448 398 2505 Esse
421 2453 620 2500 esterna
642 2450 830 2513 potest,
849 2460 971 2495 cum
994 2449 1169 2500 cetera
1192 2443 1565 2498 dissoluantur.
1840 2445 1947 2500 520

344 2516 480 2566 Tum
506 2530 657 2582 porro
680 2513 727 2566 si
749 2512 828 2564 nil
851 2517 987 2564 esset
998 2520 1032 2578 Ρ,
1054 2512 1194 2579 quod
1218 2512 1375 2565 inane
1399 2518 1627 2581 vacaret,

275 2583 444 2638 Omne
468 2582 603 2639 foret
628 2581 888 2645 solidum3
924 2581 1025 2632 nisi
1052 2588 1235 2639 contra
1259 2599 1473 2652 corpora
1497 2600 1619 2641 cera

816 2681 836 2702 ⁹
864 2676 1069 2727 siquidem
1088 2677 1194 2717 nihil
1214 2682 1298 2725 σοις
1330 2677 1425 2719 Ms.
