2084 3000
226 161 320 215 xiv
538 133 543 137 ’
839 153 1305 210 ARGUMENTA.

227 279 376 341 hujus
418 290 687 338 compages,
722 288 872 336 quum
907 288 1079 336 corpus
1121 288 1266 334 grave
1310 274 1385 330 sit,
1420 272 1556 321 nullo
1590 273 1902 320 fundamento

229 358 409 415 innixa,
432 356 635 418 pendeat
659 353 732 416 [v.
753 352 1065 414 535-56412
1102 359 1206 399 tuni
1239 353 1388 399 solem
1422 360 1471 400 et
1495 353 1663 401 lunam
1689 352 1900 409 metitur,

230 452 380 499 eaque
414 451 501 483 nec
536 436 719 496 majora
757 448 846 481 nee
887 433 1076 481 minora
1113 447 1231 489 esse,
1266 448 1416 494 quam
1450 432 1589 480 nobis
1629 438 1905 495 appareant,

224 517 412 578 judicat
435 514 505 576 [v.
528 513 836 576 565-591]:
881 513 1025 560 simul
1060 512 1237 560 refutat
1269 528 1365 568 eoS‚
1389 513 1473 577 qui
1492 528 1552 563 ex
1587 513 1774 561 tantulo
1805 513 1904 560 sole

231 603 422 644 tantum
436 595 631 642 illorum
647 593 854 640 calorem
874 600 921 639 et
934 592 1118 649 lumen,
1136 607 1219 653 per
1232 593 1529 647 universum,
1546 608 1734 654 quaque
1755 599 1903 655 patet,

231 677 412 725 aethera
434 674 680 732 diffusum,
702 688 924 721 emanare
945 673 1027 719 vix
1050 688 1186 739 posse
1209 679 1464 722 autumant
1490 671 1560 733 [v.
1585 672 1866 733 592—612]
1886 691 1899 719 =

233 755 437 817 denique
458 755 516 801 de
539 753 652 801 solis
675 768 730 801 ac
751 753 883 800 lunae
907 751 1309 808 conversionibus,
1326 767 1412 798 seu
1429 751 1488 798 de
1510 751 1713 798 solstitio
1737 751 1904 798 aestivo

232 836 539 897 hiemalique,
562 835 828 896 disputans,
849 833 1004 880 varias
1036 832 1290 893 utriusque
1323 847 1493 878 causas
1524 832 1681 879 reddit
1716 830 1783 892 [v.
1810 832 1903 878 613

231 915 448 977 —648];
493 921 542 962 et
580 928 675 975 quo
716 913 858 959 modo
899 927 995 959 nox
1038 912 1125 959 fiat
1158 909 1229 973 [v.
1269 911 1573 973 649—654]‚
1607 926 1703 973 quo
1745 911 1903 968 modo,

234 1009 406 1043 aurora
425 993 575 1041 solem
597 993 910 1054 praecedente,
935 992 1036 1038 dies
1058 992 1235 1039 oriatur
1258 990 1331 1054 [v.
1355 990 1668 1053 655-678];
1699 1006 1785 1039 cur
1806 990 1906 1038 dies

234 1080 286 1123 et
306 1079 470 1122 noctes
490 1073 702 1123 vicissim
723 1088 774 1120 ae
796 1078 1018 1134 superent
1042 1070 1114 1133 [ν.
1137 1071 1417 1134 679—702]
1437 1092 1448 1129 ς
1473 1087 1560 1120 cur
1579 1072 1697 1120 luna
1714 1072 1905 1119 vultum

235 1157 284 1198 et
316 1149 521 1211 figuram
555 1148 708 1197 variet
747 1146 818 1209 [V.
851 1146 1038 1199 703—'7
1047 1147 1164 1209 49];
1209 1164 1296 1196 cur
1331 1149 1401 1196 sol
1434 1135 1482 1196 et
1516 1149 1636 1199 luna
1668 1149 1905 1196 defectum

237 1229 479 1293 patiantur
503 1227 573 1291 [v.
595 1226 893 1289 750-777]‚
921 1228 1159 1290 adjungit.
1216 1229 1333 1276 Post
1360 1229 1483 1285 haec,
1506 1244 1532 1276 e
1553 1229 1678 1277 coelo
1708 1230 1903 1277 descen-

239 1311 370 1367 dens,
392 1310 662 1367 herbarum,
687 1309 924 1365 arborum,
947 1309 1129 1366 avium,
1150 1308 1415 1366 brutorum,
1429 1308 1681 1357 hominum
1702 1309 1908 1371 origines

238 1406 268 1438 a
287 1396 413 1441 terra
433 1390 617 1453 repetit,
640 1404 750 1451 quae
784 1395 965 1441 creatas
990 1404 1069 1437 res
1093 1389 1356 1452 profuderit
1375 1389 1493 1435 olim
1518 1386 1588 1448 [v.
1609 1387 1635 1439 7
1641 1387 1667 1439 7
1673 1385 1906 1448 8—823],

238 1486 369 1520 nunc
391 1470 565 1520 sterilis
586 1469 716 1519 facta
735 1475 786 1518 et
806 1469 943 1519 effeta
967 1468 1036 1531 [v.
1063 1467 1368 1531 824—834].·
1430 1468 1524 1517 Sed
1555 1468 1682 1530 quod
1713 1467 1909 1516 fortuito

240 1550 337 1598 sint
368 1550 532 1598 omnia
551 1556 679 1606 nata„
699 1549 806 1596 ideo
837 1550 1108 1612 putandum
1140 1564 1259 1606 esse,
1281 1549 1335 1595 in
1363 1547 1596 1610 principio
1622 1547 1791 1596 mundi
1817 1547 1912 1594 alia

240 1631 460 1691 quaedam
493 1629 864 1679 innumerabilia
893 1628 1122 1677 animalia
1153 1628 1371 1682 miranda
1403 1627 1560 1688 specie
1592 1634 1638 1675 et
1665 1626 1908 1688 magnitu-

239 1709 350 1757 dine
371 1710 622 1767 exstitisse,
634 1710 715 1756 sed
739 1724 1013 1771 permanere
1032 1723 1131 1756 non
1151 1708 1379 1770 potuisse,
1404 1708 1581 1770 quippe
1602 1708 1697 1755 cibi
1718 1722 1913 1756 sumen-

242 1787 291 1836 di
313 1787 611 1848 coeundique
632 1787 860 1836 facultate
880 1788 1120 1835 carentia:
1144 1795 1430 1852 quapropter
1444 1794 1658 1835 monstra
1672 1794 1720 1836 et
1739 1788 1915 1842 mutila

241 1868 466 1928 quaedam
497 1872 547 1913 et
573 1866 850 1928 imperfecta
870 1867 1099 1916 animalia
1119 1867 1348 1925 concedit,
1372 1868 1457 1916 sed
1479 1867 1760 1925 Chimaeras,
1784 1868 1913 1916 Cen-

242 1952 421 2004 tauros,
445 1945 633 2008 Scyllas
665 1945 943 2007 reliquaque
974 1948 1225 2007 poetarum
1257 1953 1475 2009 portenta
1504 1947 1627 1994 ridet
1661 1945 1731 2009 [ν.
1755 1949 1916 1996 835-

242 2023 381 2086 922}
450 2024 723 2071 Primorum
742 2024 996 2072 hominum
1016 2024 1151 2074 rudis
1169 2026 1285 2083 vita,
1304 2027 1423 2074 rude
1450 2026 1699 2088 ingenium
1725 2024 1798 2088 [v.
1819 2028 1914 2075 923

240 2103 490 2167 -1008];
526 2095 830 2165 paullo‘post
856 2103 996 2151 initia
1026 2104 1231 2152 culturae
1257 2104 1329 2167 [v.
1359 2104 1720 2167 1009—1026]‚
1742 2106 1912 2152 iuven-

242 2191 419 2247 tusque
461 2198 617 2231 sermo
662 2182 734 2245 [v.
778 2182 1139 2246 1027—1089].
1234 2184 1465 2241 Tandem,
1508 2191 1616 2247 post
1656 2185 1819 2246 ignem
1861 2184 1916 2231 in

242 2271 394 2315 terras
426 2280 456 2312 a
485 2263 690 2312 fulmine
721 2261 957 2321 delatum}
971 2264 1228 2312 humanior
1248 2264 1347 2314 vita
1370 2271 1420 2311 et
1439 2265 1594 2312 victus
1628 2264 1818 2312 mollior
1841 2263 1914 2327 [v.

246 2342 615 2406 loeo-noem
650 2342 777 2392 facta
794 2343 1049 2391 hominum
1081 2344 1308 2392 societas:
1342 2359 1478 2406 reges
1506 2345 1775 2392 constituti:
1812 2345 1917 2407 agri

244 2424 413 2474 divisi:
456 2428 566 2486 post
605 2423 888 2473 seditionem
927 2424 1135 2485 denique
1169 2425 1440 2486 respublica
1473 2432 1576 2473 orta
1616 2425 1685 2487 [v.
1726 2427 1912 2478 1107-

247 2503 413 2566 1159}
481 2503 577 2551 His
609 2503 874 2560 declaratis,
909 2503 1168 2550 Lucretius
1205 2504 1263 2550 de
1302 2504 1485 2566 origine
1526 2506 1771 2569 religionis
1813 2508 1913 2555 dis-

243 2588 397 2642 putat,
412 2597 559 2639 quam
580 2588 765 2632 naturae
787 2582 964 2632 divinae
982 2588 1031 2631 et
1047 2597 1299 2632 causarum
1322 2585 1610 2633 naturalium
1631 2587 1914 2650 ignorantiae
