2084 3000
203 173 304 223 122
828 167 884 220 Τ.
921 166 1256 220 ΙιΠΟΒΕΤΠ

201 273 306 324 Gur
328 288 403 338 ea,
429 288 543 339 quae
567 270 766 323 fuerint
782 271 985 337 juxtim
1009 270 1280 339 quadrata,
1303 269 1487 338 procul
1512 268 1619 321 sint

200 340 328 392 Visa
349 340 576 393 rotunda
595 358 610 403 ;
645 345 823 392 tamen
846 344 1063 407 praestat
1085 339 1302 392 rationis
1325 345 1567 406 egentem

200 409 435 462 Reddere
457 408 700 461 mendose
723 424 904 460 causas
928 408 1202 476 utriusque
1224 407 1420 474 sigum,
1646 467 1650 470 y

200 478 372 542 Quam
394 475 636 529 manibus
658 476 939 529 manifesta
963 476 1070 528 suis
1094 477 1332 528 emittere
1356 492 1651 544 quoquam;

198 545 271 598 Et
294 545 488 598 violare
510 545 669 598 fidem
729 545 931 612 rimam,
956 550 1011 597 et
1035 545 1324 597 convellere
1348 551 1463 597 tota

200 614 583 681 Fundamenta,
608 614 697 682 qui
735 631 793 666 us
816 613 1035 666 nixatur
1058 614 1185 680 vita,
1209 613 1467 681 salusque.

198 683 319 736 Non
342 683 495 736 modo
519 683 659 736 enim
682 683 816 735 ratio
839 689 959 736 ruat
983 683 1165 748 omnis,
1190 682 1302 735 vita
1326 699 1531 750 quoque
1554 681 1668 749 ipsa

201 751 452 821 Oonqidat
477 752 754 820 extemplo,
780 753 883 804 nisi
908 751 1115 804 credere
1138 749 1373 803 sensibus
1396 750 1549 817 ausis,

200 820 604 890 Praecipitesque
628 821 764 873 locos
787 821 970 887 vitare,
995 826 1051 872 et
1074 826 1261 885 cetera,
1286 837 1405 888 quse
1430 820 1536 871 sint
1771 821 1879 871 510

201 889 268 941 In
291 907 479 957 genere
501 890 600 942 hoc
623 889 876 957 fugienda
888 908 903 953 3
939 889 1099 957 sequi,
1125 890 1385 941 contraria
1408 905 1523 957 quse
1547 886 1666 941 sint.

201 958 305 1010 Illa
327 956 427 1010 tibi
450 964 530 1010 est
552 958 718 1024 igitur
742 956 1016 1010 verborum
1040 957 1190 1025 copia
1212 974 1357 1010 cassa

202 1026 398 1094 Omnis,
423 1042 538 1094 quae
563 1031 746 1078 contra
768 1042 946 1078 sensus
968 1026 1244 1094 instructa,
1267 1031 1454 1095 parata
1477 1032 1569 1079 est.

823 1153 904 1206 De
913 1153 1060 1224 falso
1083 1171 1249 1208 semu.

269 1245 524 1316 Denique,
547 1250 611 1299 ut
633 1247 693 1299 in
715 1246 928 1315 fabrica,
953 1248 998 1300 si
1020 1264 1185 1316 prava
1207 1249 1324 1300 est‘l
1347 1247 1531 1316 regula
1552 1248 1734 1317 prima,

200 1313 254 1367 N
255 1332 397 1368 orma
437 1332 501 1369 ue
524 1316 570 1368 si
591 1316 759 1369 fallax
776 1317 934 1370 rectis
955 1314 1253 1384 regionibus
1276 1317 1405 1384 exit,

200 1383 272 1436 Et
295 1383 399 1436 libe
440 1402 473 1437 a
494 1385 668 1454 aliquo
694 1385 737 1437 si
760 1402 827 1438 ex
849 1385 989 1454 parti
1013 1384 1278 1438 claudicat
1299 1385 1504 1450 hilum;

203 1453 394 1507 Omnia
415 1454 659 1507 mendose
680 1454 794 1507 fieri
817 1461 974 1523 atque
998 1454 1217 1523 obstipa,
1241 1471 1511 1508 necessum
1533 1459 1628 1523 est,

201 1521 386 1591 Prava‚
411 1522 671 1592 cubantia,
696 1538 874 1593 prona,
899 1523 1102 1593 supina,
1127 1529 1285 1592 atque
1308 1523 1502 1577 absona
1524 1531 1665 1578 tecta
1677 1543 1693 1589 ς

201 1590 242 1645 J
242 1609 329 1644 am
351 1609 501 1646 ruere
525 1599 587 1646 ut
609 1592 851 1661 quaedam
874 1594 1154 1646 videantur
1177 1592 1324 1661 velle,
1348 1600 1625 1662 ruantque,

202 1661 420 1714 Prodita
437 1661 653 1730 judiciis
677 1662 955 1716 fallacibus
979 1662 1157 1715 omnia
1179 1662 1374 1729 primis.
1773 1666 1878 1716 520

202 1728 288 1781 Sic
310 1730 475 1798 igitur
496 1732 632 1784 ratio
654 1731 754 1783 tibi
775 1749 951 1784 rerum
974 1747 1138 1800 prava
1159 1747 1366 1783 necesse
1389 1734 1470 1783 est

201 1797 459 1867 Falsaque
482 1799 566 1865 sit,
590 1799 737 1852 falsis
762 1816 1102 1868 quaecumque
1125 1798 1193 1852 ab
1216 1799 1450 1852 sensibus
1473 1804 1588 1853 orta
1610 1806 1702 1854 est.

270 1866 427 1919 Nunc
449 1867 543 1919 alii
565 1883 744 1920 sensus
767 1884 868 1935 quo
891 1874 1045 1935 pacto
1069 1869 1287 1937 quisque
1310 1884 1460 1920 suam
1481 1885 1592 1920 rem

202 1933 422 2002 Sentiat,
447 1934 855 2003 haudquaquam
877 1936 1012 1988 ratio
1035 1954 1281 2005 seruposa
1301 1937 1486 1991 relicta
1507 1942 1600 1991 est.

886 2071 967 2124 De
989 2071 1196 2126 auditu.

273 2165 553 2236 PrincipiO,
578 2167 792 2220 auditur
816 2185 987 2235 sonus,
1011 2174 1066 2221 et
1090 2185 1192 2221 vox
1216 2168 1397 2235 omnis,
1421 2168 1479 2221 in
1502 2185 1653 2222 aures

206 2235 482 2289 Insinuata
506 2253 598 2288 suo
621 2236 868 2306 pepulere
890 2236 985 2289 ubi
1007 2254 1217 2305 corpore
1242 2255 1463 2291 sensum.

726 2365 1034 2435 Corporeum
1056 2383 1155 2419 esse
1176 2383 1357 2418 vocem.

205 2459 509 2528 corpoream
533 2476 735 2527 quoque
760 2459 900 2510 enim
923 2475 1104 2510 vocem
1127 2463 1362 2510 constare
1385 2459 1662 2512 fatendum
1685 2465 1777 2527 est,

204 2525 275 2578 Et
300 2529 555 2590 sonitum;
590 2528 839 2595 quoniam
861 2531 1079 2594 possunt
1100 2526 1174 2577 im
1213 2524 1367 2578 ellere
1392 2544 1582 2581 sensae.

205 2592 487 2661 Propterea
509 2595 648 2648 radit
671 2612 774 2648 vox
797 2594 975 2645 fauces
1000 2609 1152 2660 saepe‚
1199 2594 1407 2663 acitque

826 2673 845 2700 ‘¹
870 2677 978 2717 falsa
994 2678 1069 2724 εἰη
1100 2676 1194 2716 MS.
