2084 3000
675 336 1506 419 ARGUMENTA.

812 747 1045 802 LIBRI
1111 746 1381 802 PRIMI.

325 889 590 937 Invocssa
625 889 676 937 in
710 889 948 954 principio
981 889 1138 953 operis
1159 889 1361 948 Venere,
1395 890 1540 952 poeta
1570 905 1613 940 v.
1648 890 1727 938 43.
1761 889 1935 938 transit

259 970 322 1017 ad
363 970 529 1017 laudes
573 970 813 1029 Memmii,
847 971 927 1018 cui
963 970 1112 1018 libros
1154 985 1266 1018 suos
1310 971 1369 1018 de
1406 970 1592 1018 Rerum
1626 969 1817 1018 Natura
1858 971 1933 1018 di-

260 1050 410 1097 cavit:
455 1049 742 1113 Epicurum,
777 1052 918 1112 cujus
949 1051 1157 1098 rationes
1190 1051 1423 1112 sequitur,
1458 1051 1691 1106 celebrat3
1734 1050 1795 1097 ab
1827 1051 1935 1113 ejus

260 1129 474 1177 doctrina
504 1129 767 1193 impietatis
799 1130 1033 1178 invidiam
1065 1130 1323 1187 amolitu13
1355 1131 1599 1193 hujusque
1640 1137 1688 1178 et
1727 1145 1930 1192 sequen-

259 1209 384 1256 tium
436 1209 670 1257 librorum
713 1215 819 1257 tum
875 1217 1157 1272 argumenta
1201 1211 1440 1273 proponit,
1481 1218 1588 1258 turn
1637 1211 1935 1258 tractationis
2014 1202 2019 1217 '

258 1288 460 1351 poeticae
504 1288 810 1336 difficultates
853 1290 1060 1337 ostendit
1106 1288 1178 1351 [v.
1226 1289 1495 1352 45—159].
1596 1291 1787 1338 Deinde
1831 1305 1933 1337 rem

258 1370 416 1432 ipsam
448 1385 719 1432 aggressus,
744 1370 882 1418 docet
914 1369 965 1432 1)
992 1385 1053 1418 ex
1079 1371 1232 1420 nihilo
1264 1371 1388 1418 nihil
1420 1371 1539 1430 fieri,
1561 1378 1609 1419 et
1640 1372 1691 1421 in
1724 1371 1933 1419 nihilum

257 1444 384 1496 nihil
412 1450 583 1497 reverti
614 1464 752 1513 posse
785 1447 856 1512 [ν.
884 1449 1197 1514 160—265];
1237 1450 1321 1513 II)
1356 1451 1545 1500 minuta
1577 1465 1679 1498 esse
1709 1451 1932 1515 quaedam

258 1545 470 1593 corpora,
514 1545 642 1593 quae,
682 1530 796 1579 licet
837 1531 929 1578 sub
970 1545 1167 1578 sensum
1209 1545 1307 1577 non
1350 1531 1537 1586 cadant,
1568 1536 1730 1577 mente
1771 1536 1934 1582 tamen

258 1605 448 1669 possint
498 1605 701 1668 concipi,
743 1612 791 1654 et
835 1621 863 1653 e
905 1606 1081 1668 quibus
1131 1620 1208 1652 res
1257 1619 1423 1653 omnes
1464 1612 1811 1667 componantur
1861 1604 1930 1668 [v.

259 1684 559 1747 266—329].
649 1685 762 1747 ΙΙΙ)
809 1685 904 1734 His
949 1684 1248 1749 corpusculis
1294 1685 1546 1748 subJungit
1582 1701 1806 1745 vacuum,
1850 1702 1931 1734 scu

258 1766 404 1816 inane
444 1766 657 1830 spatium
703 1764 773 1828 [v.
818 1766 1117 1830 330—430].
1186 1764 1283 1828 IV)
1324 1766 1633 1826 demonstrat,
1665 1766 1788 1813 nihil
1830 1782 1935 1815 esse

259 1853 435 1910 praeter
469 1861 651 1910 corpus,
677 1852 727 1895 et
762 1847 932 1903 inane3
976 1847 1161 1910 reliqua
1190 1853 1367 1905 autem,
1393 1862 1504 1910 quae
1532 1848 1786 1898 videantur
1814 1863 1935 1905 esse,

258 1934 450 1978 tantum
481 1929 739 1990 conjuncta
769 1942 870 1975 esse
902 1927 980 1975 vel
1012 1935 1197 1986 eventa,
1217 1928 1528 1991 proprietates
1557 1943 1644 1977 seu
1673 1928 1933 1977 accidentia

261 2007 472 2070 corporis
507 2014 558 2056 et
590 2008 750 2057 inanis
780 2006 854 2070 [v.
878 2006 1178 2070 431—483].
1246 2007 1391 2058 Quod
1428 2009 1498 2055 sic
1531 2007 1850 2071 persequitur,
1881 2015 1933 2055 ut

259 2088 419 2151 prima
451 2088 734 2150 corpuscula
766 2088 932 2136 doceat
964 2103 1067 2136 esse
1097 2088 1306 2151 perfecte
1336 2087 1502 2146 solida,
1530 2086 1605 2149 [v.
1634 2086 1934 2149 484—528],

235 2163 465 2226 ,ideoque
484 2163 777 2221 insecabilia,
800 2163 1004 2211 minima
1026 2163 1207 2227 (neque
1240 2164 1370 2212 enim
1402 2178 1575 2227 corpus
1606 2163 1657 2211 in
1691 2163 1933 2210 infinitum

238 2242 411 2296 ,dividi
441 2242 620 2306 posse),
643 2250 691 2291 et
723 2248 904 2291 aeterna
926 2240 999 2304 [v.
1024 2241 1325 2305 529—638].
1367 2291 1371 2295 ,
1394 2242 1594 2290 Refutat
1615 2256 1754 2305 porro
1773 2240 1930 2305 philo-

244 2322 452 2386 sophos,
484 2323 585 2385 qui,
608 2322 748 2370 aliter
779 2329 1058 2380 statuerant,
1093 2329 1140 2370 et
1172 2323 1369 2385 quidem
1406 2321 1457 2383 1)
1495 2321 1814 2379 Heraclitum,
1850 2320 1931 2383 qui

239 2400 439 2470 ignem,
475 2401 703 2464 aliosque,
739 2402 824 2464 qui
867 2403 1041 2459 aetem,
1069 2417 1261 2464 aquam,
1292 2408 1483 2458 terram,
1519 2415 1681 2448 rerum
1719 2399 1933 2446 omnium

257 2480 553 2544 principium
575 2496 678 2529 esse
699 2482 1040 2531 contenderant
1061 2479 1133 2543 [v.
1157 2478 1473 2542 639—712];
1502 2479 1555 2539 2)
1572 2478 1933 2541 Empedoclem,

242 2559 342 2629 ‘cui
361 2557 624 2622 placuerat,
642 2574 718 2607 res
740 2574 766 2607 e
788 2565 994 2622 quatuor
1014 2559 1267 2607 elementis
1286 2556 1509 2620 componi
1532 2554 1604 2618 [v.
1624 2554 1935 2616 713—829];

263 2636 318 2699 3)
343 2636 708 2699 Anaxagorum,
746 2636 831 2699 qui
850 2634 1245 2683 homoeomeriam
1258 2633 1514 2680 induxerat
1538 2630 1609 2691 [v.
1633 2628 1932 2687 830-919J.
