2084 3000
18 307 21 376 ἱ

699 215 915 267 LIBER
949 213 1228 268 SEXTUS.
1697 221 1796 270 193

117 316 351 369 Turbine
373 315 605 368 versanti
628 316 796 384 magis
819 334 882 368 ac
905 316 1075 384 magis
1099 316 1333 385 undique
1354 315 1566 383 nubem,

18 383 19 414 ²
118 386 287 453 Cogit,
310 385 394 436 uti
417 384 512 437 fiat
537 385 698 452 spisso
722 402 853 437 cava
877 402 1086 453 corpore
1111 385 1321 438 circum.

118 453 258 519 Post,
283 453 379 505 ubi
402 454 680 505 commovit
703 453 782 505 vis
811 455 924 521 ejus
949 459 1002 505 et
1026 454 1253 522 impetus
1276 470 1411 519 acer,

117 522 256 573 Tum
279 522 651 590 perterricrepo
675 522 850 573 sonitu
874 522 967 574 dat
990 523 1150 574 missa
1172 522 1444 589 fragorem.

116 591 231 643 Nec
253 590 446 642 mirum
459 608 473 654 ;
499 607 665 657 quum
688 590 845 658 plena
867 590 1056 642 animae
1080 591 1308 643 vesicula
1332 608 1495 659 parva
1695 593 1795 643 130

117 659 268 727 Saepe
290 659 369 710 ita
392 658 486 711 dat
515 659 709 726 pariter
734 659 964 709 sonitum
988 659 1216 727 displosa
1238 666 1467 727 repente.

188 728 287 779 Est
311 728 472 779 etiam
496 728 649 795 ratio,
673 744 839 795 quum
862 727 1009 780 venti
1032 727 1216 779 nubila
1238 728 1476 795 perflant,

118 796 196 847 Ut
221 796 422 847 sonitus
445 796 674 848 faciant:
711 795 908 848 etenim
930 812 1136 848 ramosa
1158 795 1396 848 videmus

120 863 321 916 Nubila
343 881 482 932 saepe
503 864 670 916 modis
695 864 878 915 multis
903 870 1063 932 atque
1085 881 1269 932 aspera
1291 864 1429 917 ferri.

118 932 332 985 Scilicet
354 938 417 985 ut
456 931 689 985 crebram
714 932 900 986 silvam
927 949 1091 1001 quum
1114 932 1330 985 flamina
1354 933 1511 985 Cauri

119 1000 368 1067 Perflant,
393 973 523 1054 flant
548 1002 778 1053 sonitum
800 1001 1023 1067 frondea
1049 1001 1286 1068 ramique
1308 1002 1583 1069 fragorem.

118 1070 212 1121 Fit
235 1086 452 1137 quoque,
476 1076 541 1121 ut
562 1069 828 1122 interdum
852 1070 1018 1122 val-idi
1039 1072 1119 1123 vis
1142 1070 1308 1124 incita
1330 1071 1479 1123 venti

119 1138 429 1189 Perscindat
453 1136 643 1189 nubem
685 1138 1010 1206 perfringens
1034 1140 1230 1207 impete
1252 1145 1407 1193 recto,

117 1205 260 1258 Nam
316 1206 410 1257 uid
434 1206 594 1273 possit
617 1178 691 1258 ibi
714 1206 887 1273 flama,
910 1207 1191 1259 manifesta
1214 1207 1365 1260 docet
1386 1224 1468 1259 res

119 1275 241 1339 Hic,
266 1292 303 1326 u
339 1274 359 1325 i
381 1274 547 1326 lenior
570 1280 664 1342 est,
689 1275 746 1326 in
770 1281 910 1326 terra
933 1292 1100 1343 quum
1123 1281 1301 1327 tamen
1325 1276 1436 1328 alta
1685 1278 1787 1327 140

118 1343 350 1395 Arbusta
373 1343 613 1396 evolvens
636 1342 897 1395 radicibus
919 1343 1100 1395 haurit
1122 1344 1191 1396 ab
1213 1344 1347 1397 imis.

190 1411 329 1463 Sunt
352 1412 512 1464 etiam
535 1411 734 1463 fluctus
753 1429 847 1480 per
869 1411 1065 1479 nubila,
1092 1412 1183 1481 qui
1208 1412 1358 1479 quasi
1381 1429 1621 1464 murmur

120 1480 268 1533 Dant
292 1480 350 1532 in
372 1480 662 1548 frangendo
693 1481 949 1548 graviter:
977 1480 1117 1548 quod
1140 1480 1270 1533 item
1292 1480 1355 1533 fit
1380 1481 1438 1532 in
1463 1480 1588 1533 altis

18 1624 19 1627 Ἴ
118 1549 453 1601 Fluminibus
476 1567 772 1617 magnoque
795 1567 943 1617 man,
969 1566 1134 1617 quum
1156 1550 1421 1618 frangitur
1445 1556 1592 1601 aestu.

190 1618 282 1669 Fit
307 1634 528 1685 quoque,
553 1618 645 1669 ubi
669 1636 698 1670 e
721 1617 861 1669 nube
883 1618 942 1669 in
965 1618 1160 1670 nubem
1183 1619 1263 1671 vis
1286 1618 1474 1670 incidit
1498 1618 1685 1670 ardens

119 1686 406 1738 Fulminis:
443 1687 555 1738 haec
579 1686 747 1738 multo
772 1687 817 1737 si
839 1688 976 1738 forte
998 1686 1217 1738 humore
1240 1687 1437 1755 recepit

120 1756 322 1821 Ignem,
349 1755 594 1807 continuo
619 1772 809 1822 magno
834 1755 1058 1808 clamore
1083 1755 1340 1807 trucidat:

120 1824 197 1875 Ut
222 1823 404 1875 calidis
429 1824 656 1876 candens
678 1825 876 1876 ferrum
899 1841 928 1875 e
950 1823 1251 1876 fornacibus
1274 1823 1400 1875 olim

121 1891 326 1959 stridit,
350 1891 440 1943 ubi
463 1892 523 1943 in
544 1892 781 1959 gelidum
801 1909 1016 1960 propere
1039 1892 1378 1944 demersimus
1401 1891 1634 1946 imbrem.
1813 1953 1817 1958 ,

193 1959 400 2011 Aridior
423 1977 572 2029 porro
597 1961 641 2012 si
664 1960 829 2013 nubes
853 1960 1047 2029 accipit
1070 1960 1263 2029 ignem,
1698 1963 1797 2012 150

122 2028 309 2081 Uritur
331 2028 535 2096 ingenti
561 2029 734 2081 sonitu
760 2047 1007 2082 succensa
1029 2036 1272 2099 repente:

120 2097 453 2149 Lauricomos
477 2105 542 2149 ut
564 2098 607 2149 si
631 2114 721 2166 per
744 2104 946 2150 montes
968 2098 1182 2151 flamma
1205 2104 1441 2166 vagetur,

18 2198 19 2217 ι
120 2165 352 2218 Turbine
376 2173 652 2219 ventorum
675 2167 982 2218 comburens
1005 2167 1201 2235 impete
1225 2184 1436 2234 magno.

122 2235 234 2286 Nec
257 2251 339 2287 res
361 2234 474 2287 ulla
496 2234 678 2302 magis,
703 2251 861 2302 quam
886 2233 1071 2286 Phoebi
1096 2235 1351 2303 Delphica
1374 2236 1555 2288 laurus
1611 2228 1618 2234 ’

121 2302 364 2355 Terribili
387 2303 564 2355 sonitu
586 2303 799 2355 flamma
822 2303 1115 2370 crepitante
1139 2308 1415 2356 crematur.

191 2371 447 2439 Denique,
471 2387 607 2440 saepe
631 2371 738 2438 geli
759 2371 960 2423 multus
983 2371 1161 2438 fragor
1184 2376 1342 2439 atque
1364 2372 1524 2424 ruina

123 2439 405 2495 Grandinis
428 2440 486 2491 in
509 2439 716 2506 magnis
739 2439 970 2490 sonitum
994 2439 1088 2490 dat
1112 2438 1341 2491 nubibus
1364 2440 1486 2492 alte.

124 2508 332 2560 Ventus
354 2508 497 2560 enim
521 2524 684 2575 quum
707 2506 974 2574 confercit‚
998 2507 1321 2588 franguntur
1343 2507 1401 2558 in
1424 2511 1630 2560 arctum

106 2576 365 2630 -Concreti
386 2582 589 2629 montes
612 2574 924 2643 nimborum,
949 2579 1004 2628 et
1025 2575 1283 2643 grandine
1305 2575 1478 2629 mixti.

941 2799 973 2839 Ο
