2084 3000
198 195 265 245 16
819 191 875 244 Τ.
913 189 1246 247 LUORETII

197 296 328 348 Haec
350 295 408 347 in
431 312 533 363 quo
558 294 660 351 sita
683 299 823 361 sunt,
848 299 903 346 et
926 310 1032 361 qua.
1057 293 1262 346 diversa
1284 299 1575 348 moventur.

197 366 393 433 Corpus
416 363 562 419 enim'
581 379 675 431 Per
699 380 753 415 se
777 362 1069 417 communis
1093 362 1303 414 dedicat
1326 379 1436 415 esse

196 433 417 495 Sensus3
452 431 540 483 cui
562 431 667 484 nisi
689 430 861 499 prima
882 429 1012 483 fides
1034 431 1262 482 fundata.
1287 430 1499 498 valebit,

197 501 359 553 Haud
383 500 498 565 erit,
523 499 742 553 occultis
766 500 831 551 de
854 499 1011 551 rebus
1032 515 1138 567 quo
1159 500 1443 552 referentes

199 568 515 621 Confirmare
538 568 704 623 animi
726 568 1015 636 quidquam
1036 567 1244 620 ratione
1265 585 1528 636 queamus.

199 637 336 689 Tum
358 653 511 705 porro
535 636 678 689 locus
702 653 765 690 ae
789 637 1035 704 spatium,
1061 636 1203 705 quod
1225 636 1383 689 inane
1406 653 1668 702 vocamus,

199 705 257 758 Si
280 705 488 759 nullum
511 705 660 772 foret,
686 705 831 758 haud
854 723 1122 774 quaquam
1147 705 1249 759 sita.
1272 722 1487 773 corpora
1509 710 1720 773 possent

197 773 340 841 Esse,
363 790 536 841 neque
557 775 770 831 omnino
795 791 1060 841 quoquam
1084 774 1290 825 diversa
1312 790 1517 835 meare;

199 841 266 895 Id
289 842 428 911 quod
442 846 560 911 Jam
583 860 741 911 supra
764 842 865 894 tibi
887 842 1047 909 paulo
1070 841 1395 894 ostendimus
1417 845 1557 895 ante.
1773 842 1883 891 430

501 960 735 1014 Tertiam
758 968 1010 1013 maturam
1033 958 1245 1012 nullam
1267 976 1365 1012 esse
1391 975 1583 1012 rerum.

270 1045 530 1098 Praeterea
552 1044 692 1097 nihil
714 1049 809 1111 est,
833 1044 975 1111 quod
997 1044 1164 1111 possis
1186 1043 1412 1097 dicerem
1436 1043 1504 1096 ab
1527 1044 1669 1096 omni

202 1114 423 1183 Corpore
447 1115 747 1181 sejunctum
771 1118 1132 1180 secretumque
1155 1129 1266 1166 esse
1288 1112 1357 1165 ab
1379 1111 1555 1167 inani:

204 1183 356 1246 Quod
381 1182 533 1250 quasi
556 1182 715 1235 tertia
733 1181 803 1234 sit
825 1198 1002 1233 rerum
1024 1186 1219 1233 natura.
1241 1187 1463 1250 reperta.

203 1250 342 1304 Nam
366 1251 736 1319 quodcumque
759 1250 874 1316 erit,
899 1266 1008 1301 esse
1032 1249 1239 1317 aliquid
1264 1250 1473 1303 debebit
1496 1250 1552 1303 id
1576 1249 1765 1318 ipsum,

203 1319 468 1387 Augmine
490 1319 578 1373 vel
599 1318 802 1386 grandi,
827 1318 911 1370 vel
935 1335 1098 1386 parvo
1122 1319 1348 1387 denique
1372 1319 1502 1372 dum
1526 1320 1626 1385 sit;

205 1388 304 1440 Oui
328 1389 372 1440 si
396 1392 569 1440 tactus
592 1387 695 1440 erit
718 1385 961 1456 quamvis
980 1386 1112 1441 levis
1137 1388 1483 1456 exiguusque,

205 1457 441 1527 Corporis
464 1455 681 1525 augebit
703 1472 995 1524 numerum,
1020 1473 1380 1527 summamque
1404 1461 1675 1525 sequetur;

205 1525 300 1579 Sin
323 1527 563 1580 intactile
587 1525 701 1593 erit,
726 1526 876 1578 nulla.
900 1526 965 1578 de
988 1531 1141 1595 parte
1164 1528 1303 1595 quod
1329 1527 1493 1579 ullam

207 1594 340 1647 Rem
362 1595 634 1664 prohibere
654 1600 819 1663 queat
842 1612 937 1663 per
960 1612 1016 1648 se
1038 1596 1263 1649 transire
1284 1601 1576 1649 meantem:

206 1663 418 1717 Scilicet
440 1664 540 1717 hoc
562 1664 620 1716 id
643 1664 744 1716 erit
766 1680 1006 1729 vacuum,
1031 1663 1171 1731 quod
1194 1664 1352 1718 inane
1376 1679 1635 1715 vocamus.
1775 1663 1878 1712 440

275 1731 535 1784 Praeterea.
557 1749 651 1800 per
674 1750 729 1784 se
754 1732 1119 1799 quodcumque
1142 1732 1257 1797 erit,
1281 1738 1375 1783 aut
1397 1732 1559 1783 faciet
1579 1730 1722 1798 quid,

209 1800 319 1852 Aut
342 1799 460 1851 aliis
484 1799 639 1865 fungi
660 1798 870 1850 debebit
894 1797 1171 1864 agentibus
1195 1800 1400 1866 ipsum3

206 1867 320 1987 ΞΜ,
343 1867 459 1934 erit,
483 1873 545 1919 ut
568 1867 770 1934 possint
791 1866 850 1917 in
873 1883 933 1917 eo
955 1882 1039 1917 res
1064 1882 1172 1917 esse
1196 1868 1425 1935 gerique.

258 1942 282 1987 t
305 1936 476 1988 facere
499 1940 554 1987 et
575 1934 732 2001 fungi
756 1934 868 1987 sine
892 1950 1104 2001 corpore
1126 1934 1275 1987 nulla
1297 1941 1470 2003 potest
1493 1953 1592 2003 res,

209 2003 319 2057 Nec
341 2002 569 2072 praebere
592 2002 766 2054 locum
789 2018 955 2070 porr0,
978 2002 1083 2054 nisi
1106 2002 1264 2055 inane
1288 2021 1604 2073 vacansque..

209 2072 348 2141 Ergo
371 2076 561 2140 praeter
583 2072 741 2124 inane
764 2077 819 2123 et
841 2087 1057 2138 corpora
1078 2070 1237 2123 tertia.
1260 2090 1353 2141 per
1376 2089 1430 2125 se

209 2140 373 2193 Nulla
395 2145 567 2208 potest
588 2157 764 2192 rerum
785 2140 845 2191 in
865 2156 1086 2202 numero
1108 2146 1301 2195 natura
1322 2142 1580 2212 relinqui;

211 2209 320 2262 Nec
340 2226 463 2277 quoe
489 2209 583 2261 sub
608 2226 786 2262 sensus
810 2208 966 2260 cadat
989 2208 1100 2262 ullo
1124 2214 1358 2278 tempore
1380 2219 1596 2278 nostros,

211 2278 263 2330 N
264 2295 322 2330 ec
344 2278 546 2331 ratione
570 2278 735 2332 animi
758 2294 919 2345 quam
943 2277 1218 2346 quisquam
1240 2279 1405 2348 possit
1428 2281 1606 2349 apisci.

209 2346 349 2399 Nam
373 2363 711 2416 quaecumque
733 2346 928 2413 cluent,
952 2352 1048 2399 aut
1071 2346 1155 2399 his
1178 2350 1462 2417 conjuncta
1484 2351 1688 2404 duabus
1786 2353 1883 2403 450

213 2415 389 2469 Rebus
412 2432 474 2468 ea
497 2415 746 2481 invenies,
769 2421 867 2469 aut
889 2415 1080 2470 horum
1103 2422 1294 2470 eventa
1317 2417 1526 2473 videbis.

214 2484 339 2553 Oonj
347 2490 564 2538 unctum
588 2490 669 2537 est
692 2484 762 2553 id,
787 2485 927 2554 quod
951 2501 1224 2555 nunquam
1249 2487 1359 2540 sine
1383 2490 1659 2558 perniciali

213 2553 447 2607 Discidio
471 2554 609 2623 potis
634 2561 713 2607 est
737 2554 945 2623 sejungi
970 2571 1128 2623 seque
1151 2558 1373 2625 gregari,

213 2621 426 2677 Pondus
449 2624 531 2678 uti
555 2623 685 2693 sui,
710 2624 849 2679 calor
871 2623 1033 2693 ignis,
1050 2624 1227 2693 liquor
1248 2631 1425 2699 aquai,

802 2732 833 2751 ¹⁸*
859 2723 998 2764 dicere
1020 2725 1176 2776 possin
1208 2725 1304 2766 MS.
