2084 3000
722 177 938 233 LIBER
971 179 1286 233 TERTIUS.
1771 182 1843 235 99

175 281 443 334 Pertineat
465 281 754 352 quidquam
777 288 960 336 tamen
980 281 1051 335 ad
1072 297 1167 335 nos
1190 280 1246 334 id
1269 297 1476 350 quoque
1498 281 1715 348 factum,

177 351 481 420 Interrupta
503 351 660 404 semel
685 368 848 420 quum
872 352 941 404 sit
963 351 1259 420 repetentia
1280 350 1471 403 nostris
1483 368 1499 415 3

175 419 246 472 Et
267 436 410 472 nunc
432 420 512 472 nil
534 420 602 472 ad
625 437 718 473 nos
742 420 808 473 de
830 420 978 473 nobis
1001 419 1212 488 attinet,
1236 427 1361 473 ante

178 488 281 552 Qui
302 488 531 553 fuimus3
565 506 663 541 nec
679 490 794 557 jam
818 489 883 542 de
907 488 1013 541 illis
1036 506 1131 542 nos
1154 489 1318 542 afficit
1341 505 1520 557 angor,

213 557 351 621 Quos
374 557 440 610 de
462 558 686 639 materia
696 564 887 640 ,nos-tra
908 575 1047 639 nova
1070 559 1298 638 proferet
1323 563 1450 610 aetas
1462 558 1534 628 ¹¹.]

181 643 512 747 &effi
526 644 780 765 22⁶5&
793 634 1485 755 fflffstssfflssssissssmffl

182 763 483 816 Multimodi
505 781 665 834 quam
689 765 825 829 sint;
859 764 1015 817 facile
1039 764 1139 817 hoc
1161 763 1433 817 accredere
1454 762 1633 832 possis,

181 832 391 886 Semina
413 850 550 902 saepe
571 834 630 886 in
653 833 849 901 eodem,
871 840 937 886 ut
958 849 1104 886 nunc
1127 838 1267 899 sunt,
1291 832 1471 885 ordine
1494 838 1673 900 posta:
1744 831 1848 885 870

182 901 291 954 Nec
313 902 529 955 memori
552 907 731 956 tamen
754 903 810 955 id
835 902 1048 971 quimus
1070 901 1446 972 reprehendere
1467 906 1645 954 mente
1656 918 1674 965 3

184 970 331 1022 Inter
353 970 494 1023 enim
508 972 660 1040 jacta
681 976 761 1025 est
783 971 918 1025 vitai
980 988 1125 1038 ausa,
1139 987 1376 1040 vageque

183 1037 491 1092 De'rrarunt
513 1040 708 1110 passim
729 1046 904 1094 motus
927 1057 960 1092 a
1019 1039 1255 1093 sensibus
1279 1055 1472 1092 omnes.

184 1107 354 1160 Debet
376 1109 532 1176 enim,
555 1110 741 1162 misere
764 1116 844 1162 est
868 1109 957 1162 cui
979 1109 1115 1163 forte
1139 1125 1381 1177 aegreque
1403 1108 1662 1175 futurum,

187 1176 308 1245 Ipse
331 1194 538 1246 quoque
561 1196 672 1231 esse
694 1179 753 1231 in
776 1196 836 1231 eo
861 1184 978 1231 tum
1003 1183 1251 1247 tempore,
1275 1177 1363 1230 cui
1385 1177 1524 1230 male
1546 1176 1711 1245 possit

185 1244 461 1300 Accidere:
497 1246 554 1299 id
577 1247 825 1317 quoniam
847 1264 985 1300 mors
1009 1247 1212 1313 eximit,
1237 1262 1449 1314 esseque
1471 1244 1729 1315 prohibet,

187 1313 365 1383 Illum,
388 1315 477 1368 cui
499 1316 700 1385 possint
722 1316 1052 1369 incommoda
1073 1315 1341 1369 conciliari

187 1382 319 1436 Haec
341 1384 539 1451 eadem,
561 1385 620 1437 in
643 1385 834 1453 quibus
856 1402 887 1438 e
909 1390 1042 1438 tunc
1065 1401 1159 1438 nos
1183 1400 1379 1451 sumus,
1402 1388 1527 1436 ante
1549 1381 1743 1446 fuisse3

188 1451 329 1507 Scire
352 1453 478 1508 licet
501 1453 650 1508 nobis
674 1454 810 1508 nihil
833 1470 943 1508 esse
965 1454 1024 1507 in
1047 1460 1215 1508 morte
1237 1451 1560 1506 timendum:

188 1522 300 1575 Nec
322 1523 570 1577 miserm
591 1524 722 1589 fieri,
746 1524 839 1592 qui
861 1540 969 1577 non
991 1529 1087 1590 est,
1111 1540 1291 1591 posse;
1324 1538 1495 1590 neque
1517 1520 1689 1573 hilum
1759 1522 1863 1573 880

188 1590 426 1660 Differre,
449 1609 520 1645 an
542 1593 654 1646 ullo
677 1593 838 1646 fuerit
853 1594 970 1661 jam
992 1597 1227 1661 tempore
1248 1596 1424 1657 natus,

189 1659 471 1713 Mortalem
494 1662 662 1714 vitam
683 1679 822 1715 mors
845 1678 1012 1730 quum
1034 1659 1346 1713 immortalis
1369 1658 1582 1712 ademit.

260 1728 487 1782 Proinde
510 1730 602 1783 ubi
624 1748 679 1783 se
701 1730 880 1784 videas
903 1730 1171 1783 hominem
1192 1728 1517 1797 indignarier
1538 1727 1729 1796 ipsum,

191 1797 318 1852 Post
340 1804 563 1852 mortem
585 1800 711 1867 fore,
734 1805 798 1852 ut
820 1806 917 1853 aut
939 1803 1210 1869 putrescat
1233 1814 1444 1867 corpore
1468 1802 1631 1866 poste,

717 1905 918 1961 Trium
941 1925 1051 1961 mos
1072 1906 1364 1979 sepultum.

192 1998 309 2053 Aut
330 1999 554 2054 flammis
577 2001 825 2068 interfiat,
849 2001 1067 2055 malisve
1090 2002 1353 2055 ferarum:

194 2069 339 2123 Scire
362 2069 501 2136 licet,
524 2087 632 2123 non
656 2070 916 2123 sincerum
938 2088 1134 2138 sonere,
1158 2076 1317 2139 atque
1340 2069 1548 2124 subesse

195 2137 408 2190 Oaecum
430 2139 661 2207 aliquem
685 2138 830 2192 cordi
853 2139 1143 2204 stimulum,
1167 2140 1408 2207 quamvis
1430 2145 1589 2208 neget
1612 2140 1724 2209 ipse

197 2206 419 2260 Credere
443 2225 512 2274 se,
538 2224 855 2276 quemquam
879 2207 978 2260 sibi
1002 2224 1210 2260 sensum
1237 2208 1296 2260 in
1318 2212 1486 2262 morte
1508 2210 1765 2262 futurum.

196 2275 336 2343 Non,
358 2281 423 2328 ut
445 2277 643 2358 opinor,
667 2277 810 2330 enim
832 2276 941 2344 dat,
968 2276 1109 2357 quod
1132 2277 1399 2345 promistit
1422 2284 1478 2332 et
1501 2278 1658 2346 unde,

197 2344 313 2397 Nec
334 2343 591 2399 radicitus
613 2363 645 2399 e
667 2346 782 2400 vita
805 2362 860 2398 se
883 2343 1042 2412 tollit,
1068 2350 1122 2398 et
1145 2344 1300 2410 eicit3
1775 2345 1879 2397 890

198 2411 305 2467 Sed
328 2413 461 2467 facit
485 2431 595 2469 esse
618 2415 702 2468 sui
725 2414 982 2483 quiddam
1005 2430 1164 2495 super
1186 2414 1385 2467 inscius
1407 2415 1535 2485 ipse.

200 2481 372 2536 Vivus
395 2483 537 2536 enim
560 2484 661 2537 sibi
683 2499 849 2552 quum
871 2487 1118 2552 proponit
1142 2482 1377 2552 quisque,
1399 2484 1659 2551 futurum,

200 2550 402 2620 Corpus
426 2552 509 2605 uti
532 2553 765 2607 volucres
787 2549 1021 2606 lacerent
1043 2552 1103 2605 in
1125 2558 1293 2604 morte
1315 2553 1574 2618 feraeque3

202 2619 328 2691 Ipse
352 2620 436 2674 sui
457 2620 696 2676 miseren:
732 2638 904 2691 neque
927 2620 1071 2674 enim
1094 2637 1149 2674 se
1173 2620 1367 2675 dividit
1389 2619 1576 2685 hilum,

871 2711 892 2741 ¹·
912 2716 1039 2757 noo-t
1056 2716 1102 2756 in
1122 2715 1218 2755 us.
