2084 3000
191 196 258 249 '72
515 196 573 248 Τ.
611 194 944 247 LUCRE'PII
980 193 1197 246 LIBER
1233 193 1611 247 SECUNDUS.

191 293 389 362 Sponte
414 293 758 411 suadprimum
781 291 1090 344 mortalibus
1113 292 1229 361 ipsa
1252 292 1449 344 creavit
1470 311 1483 355 ;

193 360 219 414 1
260 379 318 414 sa
341 361 488 414 dedit
550 361 690 412 ulces
713 362 872 412 foetus
898 367 951 412 et
1012 360 1170 413 abula
1194 361 1329 425 laeta,

240 446 322 483 uae
347 446 489 481 nunc
512 429 606 481 vix
629 433 805 480 nostro
828 377 1183 496 granffiescunt
1201 436 1359 481 aucta
1383 428 1557 481 labore
1577 446 1591 493 ;
1738 433 1875 480 1160

192 498 520 550 Conterimus
557 514 624 549 ue
648 496 817 561 boves,
843 506 896 548 et
919 498 1055 549 vires
1079 497 1455 565 agricolarum:

194 566 506 618 Conficimus
522 514 739 631 Quum,
765 566 857 616 vix
881 565 1018 617 arvis
1045 566 1368 634 suppeditati
1390 585 1402 628 ;

193 633 369 702 Usque
391 635 521 686 adeo
545 640 766 702 pereunt
789 634 961 699 foetus,
985 640 1289 702 augentque
1313 632 1488 686 labore
1509 639 1520 689 !

193 702 420 770 Jamque
445 708 606 771 caput
630 719 882 770 quassans
906 702 1121 769 grandis
1146 703 1374 771 suspirat
1398 708 1573 755 arator

194 769 431 824 Crebrius
454 771 718 824 incassum
740 787 993 838 magnum
1018 771 1263 823 cecidisse
1287 770 1547 824 laborem:

192 837 265 892 Et
288 856 449 908 quum
474 846 710 907 tempora
732 838 1051 907 temporibus
1075 840 1355 907 praesentia
1379 841 1581 891 confert

194 906 493 972 Praeteritis,
518 907 702 960 laudat
725 906 964 959 fortunas
988 924 1125 975 saepe
1151 908 1382 976 parentis
1403 926 1416 970 ;

195 973 381 1029 Tristis
405 977 532 1028 item
556 976 747 1028 vetulae
770 975 895 1027 vitis
919 981 1074 1041 sator,
1098 983 1259 1043 atque
1282 976 1531 1028 fatiscens

196 1042 461 1113 Temporis
483 1044 691 1097 incusat
714 1060 935 1109 momen,
961 1044 1254 1112 coelumque
1277 1044 1472 1110 fatigat
1493 1064 1507 1107 ;

197 1111 269 1165 Et
292 1118 487 1192 crepat,
510 1112 787 1178 antiquum
811 1129 976 1180 genus
1001 1117 1064 1164 ut
1124 1114 1285 1165 ietate
1308 1113 1569 1182 repletum
1744 1113 1878 1166 1170

198 1178 452 1233 Perfacile
476 1181 714 1248 angustis
740 1180 976 1233 tolerarit
1000 1181 1094 1232 fini
1130 1199 1193 1234 us
1217 1198 1403 1247 sevum,

203 1247 376 1313 Quum
399 1249 568 1301 minor
591 1255 725 1301 esset
748 1249 863 1316 agri
886 1249 1057 1301 multo
1080 1249 1264 1301 modus
1288 1256 1413 1302 ante
1438 1249 1668 1302 viritim:

200 1314 311 1371 Nec
334 1322 494 1384 tenet,
520 1317 694 1369 omnia
717 1317 976 1385 paulatim
1001 1317 1264 1370 tabescere
1288 1324 1343 1370 et
1372 1319 1447 1369 ire

201 1383 286 1440 Ad
308 1385 594 1456 scopulum,
617 1386 787 1456 spatio
812 1385 983 1439 aetatis
1006 1385 1209 1439 defessa
1231 1391 1454 1439 vetusto,
