2084 3000
195 216 298 266 102
816 215 873 268 T.
911 214 1243 268 LUORETII

192 314 251 368 Si
275 314 374 368 tibi
396 332 503 369 non
526 315 680 370 annis
704 331 891 385 corpus
907 316 1022 384 jam
1046 319 1260 383 marcet,
1284 318 1339 368 et
1361 319 1509 368 artus

195 383 431 439 Confecti
454 384 711 454 languent
735 403 749 448 ς
785 384 965 437 eadem
991 390 1170 437 tamen
1194 384 1370 437 omnia
1390 390 1608 452 restant,
1767 390 1872 440 960

198 453 389 506 Omnia
413 452 458 504 si
481 470 667 522 pergas
691 452 915 505 vivendo
939 453 1147 505 vincere
1171 453 1340 519 soecla,

195 521 373 603 Atque
397 523 558 574 etiam
582 523 772 590 potius,
798 523 842 574 si
865 538 1138 590 nunquam
1162 522 1232 574 sis
1254 522 1552 576 moriturus,

198 590 340 655 Quld
361 591 746 660 respondemus,
770 590 873 643 nisi
890 592 1095 658 justam
1116 590 1390 643 intendere
1413 591 1563 644 litem

200 659 477 726 Naturam,
502 665 556 712 et
579 677 754 713 veram
780 659 949 714 verbis
974 676 1233 728 exponere
1256 677 1468 712 causam
1490 659 1511 712 2

268 728 342 782 At
366 728 459 798 qui
482 729 683 781 obitum
705 729 1025 782 lamentetur
1047 729 1204 780 miser
1227 729 1453 798 amplius
1478 745 1642 798 aequo,

197 795 318 851 Non
340 798 529 851 merito
553 797 804 851 inclamet
952 799 1008 865 's,
1033 802 1088 851 et
1112 814 1236 850 voce
1258 793 1495 867 i'ncrepet
1518 799 1666 851 acri?

198 866 366 920 Aufer
387 866 580 920 abhinc
597 867 908 936 lachrymas,
968 866 1193 934 arathre,
1213 870 1268 918 et
1292 883 1556 936 compesce
1580 868 1830 937 querelas.

200 934 455 989 Grandior
477 936 566 988 hic
589 953 711 990 vero
735 935 779 987 si
795 938 910 1003 Jam
935 935 1208 1005 seniorque
1233 941 1483 1004 queratur
1507 954 1519 990 :

200 1003 391 1057 Omnia
412 1005 721 1073 perfunctus
745 1004 877 1056 vita'i
901 1005 1133 1073 praemia,
1155 1021 1358 1058 marces
1379 1024 1397 1070 3

199 1071 304 1125 Sed
328 1072 453 1142 quia
476 1089 583 1125 sem
650 1090 677 1125 ι·
700 1089 837 1141 aves,
861 1072 999 1142 quod
1024 1072 1187 1141 abest,
1210 1075 1491 1143 praesentia
1513 1075 1720 1145 temnis,
1769 1075 1874 1131 970

201 1139 516 1210 Imperfecta
538 1141 583 1194 ti
618 1141 638 1192 i
662 1140 839 1210 elapsa
861 1146 941 1195 est
964 1142 1277 1211 ingrataque
1300 1144 1427 1210 vita,

199 1208 272 1263 Et
294 1225 393 1262 nec
416 1209 655 1278 opinanti
679 1227 817 1264 mors
840 1210 909 1264 ad
933 1216 1094 1279 caput
1118 1211 1328 1265 adstitit
1352 1219 1491 1280 ante,

201 1277 372 1342 Quam
395 1284 544 1331 satur
565 1296 626 1332 ac
649 1279 836 1349 plenus
859 1280 1022 1349 possis
1048 1280 1312 1334 discedere
1334 1299 1523 1336 rerum.

199 1344 356 1400 Nunc
379 1346 553 1403 aliena
576 1353 671 1402 tua
692 1353 872 1402 tamen
896 1353 1052 1401 aetate
1076 1349 1252 1403 omnia
1273 1350 1443 1418 mitte,

200 1415 374 1485 AEquo
398 1416 689 1487 animoque,
713 1417 955 1487 agedum,
978 1418 1185 1485 magnis
1209 1419 1432 1472 concede
1455 1439 1470 1485 ;
1504 1436 1712 1473 necesse
1736 1425 1829 1473 est.

201 1484 242 1539 J
243 1503 351 1554 ure,
375 1491 437 1540 ut
459 1486 656 1556 opinor,
680 1492 821 1557 agat,
837 1488 960 1555 jure
982 1486 1219 1557 increpet
1241 1487 1561 1559 inciletque:

202 1554 355 1609 Cedit
377 1556 521 1610 enim
542 1574 718 1610 rerum
740 1557 975 1610 novitate
1000 1562 1218 1610 extrusa
1241 1563 1476 1612 vetustas

202 1622 431 1708 Semper}
454 1630 509 1678 et
532 1642 600 1679 ex
622 1626 739 1679 aliis
763 1625 911 1679 aliud
932 1642 1173 1694 reparare
1196 1642 1402 1681 necesse
1425 1633 1505 1680 est
1524 1645 1539 1692 ς

201 1692 313 1747 Nec
337 1711 615 1763 quisquam
637 1695 694 1748 in
716 1695 1039 1763 barathrum,
1062 1711 1161 1747 nec
1184 1700 1386 1749 tartara
1409 1697 1621 1750 deditur
1642 1701 1774 1751 atra.

202 1759 452 1816 Materies
475 1779 605 1832 opus
629 1769 724 1830 est,
748 1768 810 1817 ut
833 1769 1068 1818 crescant
1160 1769 1299 1818 stera
1321 1764 1511 1821 saecla:
1771 1768 1877 1818 980

203 1829 331 1895 Quae
353 1836 533 1885 tamen
556 1832 732 1884 omnia
755 1837 822 1897 te,
847 1832 960 1884 vita
981 1781 1275 1901 perfffixcta,
1300 1839 1597 1902 sequentur.

201 1898 314 1954 Nec
329 1900 507 1952 minus
523 1916 646 1968 ergo
663 1905 787 1952 ante
801 1898 930 1967 hoec,
982 1918 1107 1953 uam
1130 1907 1207 1967 tu,
1223 1902 1469 1972 cecidere,
1483 1903 1775 1972 cadentque
1791 1943 1803 1956 .

202 1967 289 2022 Sic
311 1967 422 2021 alid
438 1984 506 2021 ex
529 1968 633 2020 alio
655 1984 929 2037 nunquam
990 1970 1170 2024 esistet
1195 1971 1317 2023 oriri
1339 1990 1356 2036 ς

203 2036 435 2106 Vita-que
455 2036 720 2105 mancipio
742 2036 879 2090 nulli
903 2037 1077 2105 datur,
1101 2039 1341 2093 omnibus
1363 2057 1480 2095 usu.

272 2105 490 2174 Respice
511 2105 657 2173 item,
681 2123 839 2175 quam
862 2106 941 2159 nil
964 2106 1033 2160 ad
1057 2124 1152 2161 nos
1174 2115 1301 2162 ante
1324 2115 1445 2164 acta
1467 2113 1703 2163 vetustas

200 2173 469 2256 Temporis
492 2175 678 2227 aeterni
699 2175 876 2243 fuerit,
902 2192 1061 2245 quam
1083 2177 1350 2230 nascimur
1372 2184 1510 2233 ante.

201 2242 319 2296 Hoc
341 2242 509 2312 igitur
531 2244 801 2313 speculum
823 2244 971 2296 nobis
995 2250 1190 2298 natura
1211 2246 1381 2299 futuri

200 2311 468 2382 Temporis
490 2313 707 2382 exponit
729 2319 848 2395 post
869 2319 1094 2366 mortem
1117 2314 1342 2383 denique
1365 2320 1612 2369 nostram.

199 2380 344 2434 Num
367 2381 497 2450 quid
518 2381 594 2434 ibi
615 2382 864 2435 hembile
887 2381 1146 2450 apparet?
1181 2399 1311 2435 num
1335 2385 1486 2438 triste
1510 2384 1721 2436 videtur

201 2448 541 2519 Quidquam?
576 2467 750 2503 nonne
772 2450 916 2502 omni
940 2466 1120 2502 somno
1144 2452 1376 2504 securius
1400 2452 1615 2506 exstat?
1770 2454 1877 2505 990

449 2558 577 2625 Quoe
600 2557 675 2609 ad
694 2556 896 2627 inferos
918 2555 1197 2622 &mantica
1222 2560 1344 2613 vitoe
1364 2562 1501 2615 vitia
1518 2578 1631 2615 esee.

267 2653 443 2722 Atque
466 2671 530 2707 ea
551 2654 816 2719 nimirum,
842 2669 1188 2733 quaecumque
1212 2652 1515 2707 Acherunte
1537 2653 1801 2722 profundo

199 2720 416 2775 Prodita
438 2727 562 2775 sunt
586 2738 709 2788 esse,
733 2721 792 2772 in
816 2726 927 2773 uta
950 2726 1075 2773 sunt
1098 2722 1274 2773 omnia
1297 2720 1458 2774 nobis.
