2084 3000
227 193 330 243 120
854 191 909 244 Τ.
947 189 1286 243 LUCRETII

295 292 360 344 In
384 291 569 360 pelago
592 290 784 356 nautis,
810 308 876 342 ex
900 289 1058 341 undis
1083 294 1243 356 ortus,
1267 289 1324 339 in
1348 287 1505 340 undis

222 358 309 413 Sol
333 359 395 412 fit
422 360 501 412 uti
526 359 766 411 videatur
790 358 931 411 obire
955 364 1009 410 et
1033 357 1254 410 condere
1277 357 1486 420 lumen3

219 427 325 548 §ui
364 445 428 496 pe
452 427 544 479 ubi
565 428 642 479 nil
666 426 826 494 aliud,
850 427 953 479 nisi
977 444 1168 494 aquam
1193 425 1485 494 coelumque
1510 429 1731 478 tuentur
1750 441 1765 487 ;

273 514 301 547 e
325 445 511 548 lei-iter
535 496 712 548 credas
737 495 1042 549 labefactari
1067 495 1301 563 undique
1326 511 1521 547 sensus.

288 566 362 616 At
385 565 542 617 maris
566 565 762 633 ignaris
787 565 844 616 in
867 571 1022 634 portu
1047 563 1236 617 clauda.
1259 563 1507 617 videntur

218 631 460 701 Navigia,
486 633 734 702 aplustris
758 633 954 700 fractiS,
980 632 1205 686 obnitier
1228 631 1415 697 undis;

215 698 356 754 Nam
380 719 721 771 quoecumque
746 720 903 770 supra
926 719 1095 756 rorem
1120 703 1243 756 salis
1267 700 1410 754 edita.
1433 717 1553 770 pars
1578 703 1657 752 est

217 769 512 839 Remorum,
535 778 680 824 recta.
704 778 798 840 est,
823 779 877 825 et
900 779 1046 825 recta.
1069 788 1293 841 superne
1316 769 1583 839 guberna:
1794 770 1902 821 440

216 838 347 903 Quae
365 839 599 894 demersa.
621 840 821 909 liquore
845 842 1057 909 obeunt,
1080 840 1306 893 refracta.
1328 838 1579 891 videntur

216 907 406 962 Omnia
429 910 679 977 converti,
703 926 1010 980 sursumque
1035 910 1227 992 supina
1248 909 1456 975 reverti,

212 974 285 1029 Et
306 977 502 1030 reflexa
524 994 685 1046 prope
707 979 765 1031 in
790 995 991 1030 summo
1014 979 1224 1031 fluitare
1248 978 1461 1060 liquore.

283 1045 526 1114 Raraque
549 1059 642 1114 per
665 1046 855 1099 coelum
880 1053 998 1099 tum
1021 1048 1170 1101 venti
1194 1047 1379 1100 nubila
1400 1049 1616 1115 portant

210 1111 462 1183 Tempore
485 1120 757 1182 nocturno,
772 1133 938 1185 quum
961 1117 1238 1186 splendida.
1262 1117 1413 1185 signa
1436 1114 1685 1169 videntur

207 1180 398 1235 Iaabier
419 1184 694 1236 adversum
717 1184 935 1253 nimbos,
959 1192 1120 1255 atque
1143 1186 1220 1239 ire
1244 1202 1467 1253 superne

208 1249 390 1319 Longe
413 1252 572 1304 sliam
594 1253 654 1305 in
677 1259 897 1322 partem,
923 1271 1083 1322 quam
1107 1272 1209 1324 quo
1233 1255 1434 1308 ratione
1458 1254 1716 1307 feruntur.

276 1320 366 1388 At,
386 1320 432 1374 si
453 1321 590 1374 forte
614 1323 764 1375 oculo
786 1340 975 1376 manus
1000 1325 1094 1377 uni
1120 1323 1346 1391 subdita,
1364 1323 1544 1375 subter

205 1385 402 1443 Pressit
425 1407 563 1458 eum,
587 1391 812 1461 quodam
839 1409 994 1446 sensu
1017 1393 1096 1462 fit,
1121 1394 1202 1446 uti
1226 1393 1507 1445 videantur

206 1456 410 1528 Omnis,
433 1477 551 1530 quae
576 1460 789 1529 tuimur,
814 1460 927 1515 fieri
953 1469 1071 1516 tum
1093 1462 1221 1515 bina
1244 1461 1469 1525 tuend03
1782 1461 1890 1513 450

202 1526 340 1582 Bina
363 1529 697 1583 lucernarum
718 1529 960 1585 florentia.
982 1531 1186 1585 lumina
1208 1531 1447 1599 fiammis,

201 1594 444 1666 Binaque
466 1616 559 1669 per
583 1605 722 1653 totas
747 1601 885 1654 sedes
908 1602 1177 1670 geminare
1201 1600 1454 1670 supellex,

200 1663 273 1718 Et
296 1667 532 1736 duplices
556 1668 830 1722 hominum
853 1670 1028 1738 facies,
1055 1677 1110 1723 et
1134 1686 1347 1739 corpora
1369 1669 1509 1723 bina.

269 1734 525 1807 Denique,
540 1754 704 1805 quum
729 1740 880 1791 suavi
903 1737 1146 1793 devinxit
1168 1738 1403 1791 membra
1427 1754 1607 1806 sopore

197 1800 435 1872 Somnus,
459 1812 514 1858 et
537 1806 593 1857 in
617 1823 823 1859 summa
846 1824 1030 1877 corpus
1048 1810 1192 1876 jacet
1215 1824 1368 1861 omne
1392 1807 1598 1875 quiete3

197 1868 330 1923 Tum
353 1874 573 1942 vigilare
597 1879 776 1927 tamen
800 1875 948 1929 nobis
972 1883 1026 1930 et
1050 1877 1283 1931 membra
1306 1893 1514 1930 movere

194 1938 389 1993 Nostra
414 1942 675 2010 videntur,
699 1948 753 1996 et
777 1944 834 1997 in
858 1947 1025 1999 noctis
1050 1946 1276 2015 caligine
1300 1962 1439 1999 caeca
1503 1939 1509 1948 ”

195 2007 414 2062 Cernere
437 2027 704 2064 censemus
728 2012 889 2065 solem
912 2013 1200 2083 lumenque
1225 2015 1489 2082 diurnum,

194 2074 550 2147 conclusoque
573 2079 686 2133 loco
710 2083 917 2151 coelum,
940 2100 1100 2151 mare,
1123 2084 1361 2151 fiumina,
1384 2090 1588 2137 montes

192 2142 407 2199 Mutare
430 2154 485 2200 et
509 2165 718 2217 campos
741 2150 962 2221 pedibus
986 2153 1210 2205 transire
1233 2153 1488 2220 videmur,
1776 2153 1883 2207 460

190 2212 261 2267 Et
286 2216 487 2269 sonitus
510 2217 707 2286 audire,
733 2237 912 2274 severs.
935 2222 1149 2274 silentia
1170 2222 1340 2274 noctis

190 2281 439 2354 Undique
463 2303 628 2355 quum
653 2295 910 2358 constent,
927 2296 982 2344 et
1006 2291 1225 2343 reddere
1250 2291 1394 2343 dicta
1418 2294 1667 2344 tacentes.

259 2353 444 2407 Genera.
467 2356 532 2408 de
555 2371 744 2423 genere
767 2359 866 2411 hoc
888 2359 1128 2413 mirande
1150 2360 1324 2413 multa
1346 2359 1602 2428 videmus,

185 2420 317 2542 §use
340 2423 535 2477 violare
557 2424 715 2478 fidem
740 2428 889 2495 quasi
914 2427 1151 2481 sensibus
1176 2428 1353 2481 omnia
1376 2434 1648 2497 quaerunt:

239 2492 585 2561 equidquam3
621 2495 869 2562 quoniam
889 2513 1009 2565 pars
1033 2496 1222 2550 horum
1244 2498 1479 2550 maxima
1501 2498 1644 2551 fallit

184 2555 406 2627 Propter
428 2562 673 2630 opinatus
697 2564 877 2630 animi,
901 2582 1031 2633 quos
1056 2566 1298 2618 addimus
1322 2566 1439 2633 ipsi,

183 2623 285 2678 Pro
309 2628 433 2681 visis
457 2636 520 2683 ut
544 2631 666 2698 sint,
693 2649 810 2701 quse
834 2649 939 2685 non
965 2639 1090 2686 sunt
1114 2634 1341 2686 sensibu’
1365 2634 1492 2687 visa.

183 2691 322 2747 Nam
345 2695 481 2749 nihil
505 2700 695 2767 aegrius
718 2706 813 2769 est,
839 2718 999 2770 quam
1021 2718 1105 2754 res
1129 2718 1392 2755 secernere
1416 2707 1625 2772 apertas
