2084 3000
213 208 318 259 220
837 204 891 256 Τ.
929 203 1262 257 ῙιΠΟΒΕΤΙΙ

284 304 523 371 Denique
546 320 627 356 res
652 320 826 356 onmes
851 302 1042 355 debent
1066 304 1123 354 in
1147 320 1355 372 corpore
1377 302 1568 356 habere

214 372 371 438 Aera,
395 373 816 440 quandoquidem
838 388 955 424 raro
980 378 1105 423 sunt
1128 388 1352 439 corpore,
1370 377 1424 423 et
1447 375 1540 424 aer

216 440 472 492 Omnibus
496 447 575 493 est
597 442 749 493 rebus
774 440 1128 492 circumdatus
1152 441 1536 509 appositusque.

215 508 322 560 Hic
344 509 522 575 igitur,
548 510 757 577 penitus
780 510 870 576 qui
892 509 951 559 in
973 508 1111 561 ferro
1133 515 1213 562 est
1236 509 1462 574 abditus,
1486 510 1579 561 aer

214 576 429 629 Solicito
453 582 599 629 motu
623 594 824 645 semper
839 579 1091 644 jactatur,
1116 593 1278 644 eoque

216 644 468 697 Verberat
491 645 759 697 annellum
783 645 939 697 dubio
962 645 1172 713 procu13
1207 652 1262 697 et
1286 645 1388 698 ciet
1411 645 1555 696 intus
1769 667 1796 678 -

215 712 427 766 Scilicet
439 732 454 776 ;
489 719 649 781 atque
673 715 852 767 eodem
875 714 1059 781 fertur,
1084 730 1185 780 quo
1208 714 1559 782 praecipitavit

215 780 256 833 J
255 798 342 834 am
366 782 538 849 semel,
561 787 615 835 et
638 800 859 836 vacuam
882 788 1086 849 partem
1110 783 1167 833 in
1191 782 1465 834 conamina
1489 782 1723 849 sumpsit.
1743 784 1880 835 1040

285 850 375 901 Fit
399 866 617 917 quoque,
641 857 704 903 ut
727 869 760 904 a
783 851 957 919 lapide
980 851 1079 902 hoc
1101 850 1227 902 ferri
1249 857 1440 903 natura
1463 852 1673 902 recedat
1817 851 1822 855 ’

216 916 509 985 Interdum,
533 919 714 986 fugere
738 926 896 987 atque
921 918 1068 986 sequi
1091 924 1339 970 consueta
1362 918 1604 971 vicissim.

214 984 497 1039 Exsultare
522 987 682 1039 etiam
706 987 1064 1040 Samothracia
1085 987 1255 1039 ferrea
1277 986 1403 1052 vidi,

213 1052 286 1104 Et
308 1060 546 1106 ramenta
569 1055 725 1106 simul
747 1055 871 1106 ferri
893 1054 1067 1106 furere
1090 1054 1237 1107 intus
1260 1054 1441 1108 ahenis

215 1119 282 1171 In
305 1122 544 1190 scaphiis,
562 1122 695 1191 lapis
718 1123 806 1174 hic
827 1139 1042 1189 magnes
1067 1139 1231 1190 quum
1256 1123 1495 1175 subditus
1519 1125 1676 1173 esset:

216 1187 392 1257 Usque
415 1190 544 1242 adeo
566 1190 745 1258 fugere
768 1208 801 1244 a
824 1208 949 1243 saxo
971 1192 1165 1258 gestire
1187 1192 1411 1257 videtur,

214 1256 337 1309 AEre
360 1258 691 1327 interposit03
713 1260 968 1313 discordia
992 1265 1145 1313 tanta
1168 1267 1404 1322 creatur3

215 1325 496 1394 Propterea
554 1329 642 1381 uia
663 1329 914 1380 nimirum
937 1329 1083 1395 prius
1107 1335 1263 1381 aestus
1287 1327 1378 1380 ubi
1402 1327 1521 1380 aeris

220 1393 490 1476 Praecepit,
538 1396 742 1464 errique
764 1397 876 1451 vias
899 1397 1127 1465 possedit
1150 1402 1372 1466 apertas,

214 1460 471 1516 Posterior
493 1464 546 1517 la
582 1465 682 1519 idis
705 1466 851 1520 venit
875 1471 1046 1533 aestus,
1071 1471 1125 1519 et
1148 1467 1323 1519 omnia
1345 1465 1503 1534 plena
1746 1466 1881 1519 1050

218 1531 432 1585 Invenit
454 1533 511 1584 in
534 1482 692 1587 fferre:
729 1552 899 1603 neque
922 1535 1097 1602 habet,
1121 1552 1226 1603 qua
1249 1539 1438 1601 tranet,
1464 1540 1525 1586 ut
1548 1538 1686 1586 ante.

216 1599 433 1667 Cogitur
455 1603 704 1656 offensare
726 1603 892 1671 igitur
914 1603 1227 1672 pulsareque
1249 1604 1417 1655 fluctu

215 1666 405 1721 Ferrea
426 1674 577 1722 texta
600 1688 715 1724 suo:
755 1689 856 1740 quo
880 1677 1034 1740 pacto
1058 1672 1261 1739 respuit
1284 1671 1351 1724 ab
1376 1687 1445 1736 se,

213 1735 390 1803 Atque
451 1755 505 1789 er
527 1756 597 1790 aes
620 1740 804 1808 agitat,
828 1740 938 1792 sine
962 1756 1022 1792 eo
1047 1740 1185 1807 quod
1208 1756 1344 1808 saepe
1366 1739 1607 1790 resorbet.

289 1805 395 1855 Illu
455 1806 513 1857 in
536 1806 619 1858 his
641 1808 794 1861 rebus
817 1808 996 1860 mirari
1019 1808 1190 1873 mitte,
1215 1808 1353 1876 quod
1378 1815 1532 1860 aestus

215 1872 268 1924 N
268 1889 336 1924 on
358 1872 500 1926 valet
524 1891 552 1926 e
575 1876 750 1944 lapide
772 1877 871 1929 hoc
895 1877 1024 1930 alias
1048 1877 1314 1944 impellere
1337 1877 1466 1928 item
1487 1892 1592 1927 res:

218 1940 452 1993 Pondere
474 1943 615 1994 enim
637 1944 786 1995 fretae
809 1940 1004 2012 partim
1028 1950 1188 2011 stant,
1213 1945 1351 2012 quod
1374 1961 1536 2011 genus
1560 1961 1775 1995 aurum:

214 2008 294 2060 Ac
317 2009 511 2075 partim
533 2028 649 2063 raro
674 2012 798 2078 quia
821 2017 945 2063 sunt
969 2030 1091 2065 cum
1115 2029 1340 2080 corpore,
1364 2018 1427 2064 ut
1452 2018 1607 2064 aestus

217 2076 458 2130 Pervolet
481 2079 729 2146 intactus,
753 2086 1023 2147 nequeunt
1047 2081 1304 2150 impellier
1329 2097 1575 2148 usquam;

215 2144 414 2212 Lignea
434 2146 675 2200 materies
700 2148 757 2199 in
781 2164 882 2216 quo
905 2166 1093 2215 genere
1117 2167 1228 2202 esse
1252 2149 1471 2202 videtur.
1750 2150 1884 2200 1060

218 2212 366 2265 Inter
388 2220 637 2282 utrasque
660 2216 824 2283 igitur
845 2217 971 2269 ferri
994 2223 1187 2270 natura
1209 2218 1393 2282 locata,

214 2280 358 2334 AEris
381 2283 473 2335 ubi
495 2284 698 2351 accepit
722 2285 959 2352 quaedam
983 2286 1317 2352 corpuscula3
1353 2291 1471 2337 tum
1493 2284 1571 2349 fit,

216 2348 501 2416 Impellant
523 2357 584 2403 ιιι
609 2369 724 2404 eam
748 2352 1022 2419 Magnesia
1042 2353 1264 2406 flumina
1289 2354 1418 2406 saxi.

283 2416 394 2468 Nec
417 2423 594 2470 tamen
616 2419 729 2471 haec
751 2420 830 2471 ita
852 2426 978 2472 sunt
999 2421 1226 2473 aliarum
1247 2438 1422 2473 rerum
1446 2421 1634 2484 aliena,

216 2482 290 2534 Ut
312 2485 445 2536 mihi
466 2486 637 2539 multa
662 2504 846 2555 parum
867 2505 1056 2553 genere
1079 2506 1145 2541 ex
1170 2490 1269 2541 hoc
1293 2490 1709 2556 suppeditentur,

216 2548 345 2611 Quae
370 2569 651 2606 memorare
675 2571 861 2622 queam
884 2556 1023 2606 inter
1047 2574 1101 2608 se
1126 2557 1441 2623 sing’lariter
1464 2563 1605 2624 apta.

214 2615 355 2668 Saxa
376 2619 521 2670 vides
545 2621 773 2687 primum
796 2622 904 2673 sola
927 2623 1209 2675 coalescere
1233 2625 1400 2676 calce:

216 2681 431 2736 Glutine
453 2689 696 2740 materies
719 2689 926 2742 taurino
943 2691 1192 2757 jungitur
1215 2709 1339 2757 una,
