2084 3000
687 192 902 244 LIBER
938 190 1316 244 SECUNDUS.
1780 195 1846 245 48

169 290 485 359 Respuituri
523 292 725 360 quare?
759 292 862 344 nisi
884 292 1101 345 luminis
1124 291 1221 344 illa
1241 292 1445 344 minora
1742 295 1848 344 389

168 360 394 429 Corpora
418 367 556 428 sunt,
572 376 733 429 quam
752 361 818 413 de
843 361 1032 428 quibus
1051 359 1363 428 estliquork
1381 360 1552 413 almus
1576 372 1850 430 aquarum.

885 476 970 530 De
998 474 1131 529 coel0.

238 567 311 620 Et
334 569 572 637 quamvis
598 569 766 622 subito
789 586 884 637 per
907 569 1081 621 colum
1105 568 1231 620 vina
1253 568 1495 622 videmus

170 635 450 702 Pei-fluere,
474 643 532 689 at
556 643 739 689 contra
761 638 974 689 tardum
997 641 1277 688 cunctatur
1300 637 1525 690 olivum:

169 705 284 757 Aut
307 705 433 772 quia
455 705 706 757 nimirum
729 704 1015 772 majoribus
1040 710 1122 757 est
1145 704 1433 770 elementis,

171 773 286 825 Aut
308 789 396 824 ma
435 772 477 824 ‘s
499 773 729 826 hamatis
752 773 892 825 inter
915 790 969 825 se
1059 788 1189 840 rque
1210 771 1421 839 plicatis
1442 791 1457 835 ;

169 839 352 907 Atque
375 841 395 892 i
432 857 492 893 eo
513 841 594 908 fit,
616 841 699 893 uti
721 858 828 893 non
851 846 964 893 tam
1023 840 1216 892 educta
1238 845 1455 907 repente

174 908 324 960 Inter
347 925 400 960 se
423 909 624 976 possint
647 909 930 977 primordia
955 908 1165 976 singula
1189 924 1410 976 quaeque

172 975 397 1042 Singula
418 993 513 1044 per
537 979 787 1045 cujusque
810 977 1068 1029 foramina.
1091 990 1411 1045 permanare.

244 1043 368 1096 Huc
391 1045 608 1111 accedit,
631 1045 715 1097 uti
738 1045 909 1097 mellis
931 1045 1189 1112 lactisque
1212 1045 1439 1111 liquores

170 1112 421 1165 Jucundo
445 1130 601 1164 sensu
623 1113 820 1180 linguae
844 1118 1140 1165 tractentur
1161 1113 1220 1165 in
1243 1126 1364 1176 orey

171 1179 248 1232 At
272 1186 453 1233 contra
476 1186 616 1232 tetra
639 1180 871 1233 absinthi
894 1187 1087 1234 natura
1108 1181 1312 1249 ferique
1749 1183 1856 1232 400

175 1248 426 1301 Centauri
447 1249 588 1301 foedo
609 1254 949 1317 pertorquent
973 1265 1064 1302 ora
1087 1265 1295 1318 sapore:

174 1316 252 1368 Ut
274 1317 429 1370 facile
452 1333 716 1385 agnoscas,
741 1334 770 1369 e
793 1317 1010 1370 laevibus
1034 1324 1195 1386 atque
1218 1315 1458 1370 rotundis

174 1384 303 1437 Esse
326 1401 402 1450 ea,
427 1403 545 1454 quae
571 1401 752 1437 sensus
765 1386 999 1453 jucunde
1024 1391 1241 1454 tangere
1263 1391 1506 1454 possunt:

174 1452 250 1505 At
274 1459 468 1520 contra,
528 1470 612 1506 uae
634 1470 814 1508 amara
837 1460 998 1523 atque
1021 1471 1204 1523 aspera
1227 1470 1450 1523 cumque
1474 1453 1734 1520 videntur,

176 1520 310 1573 Haec
332 1524 500 1590 magis
563 1524 751 1575 amatis
775 1523 915 1575 inter
939 1540 992 1575 se
1015 1541 1155 1576 nexa
1178 1523 1371 1583 teneri3

177 1589 566 1659 Proptereaque
591 1591 752 1642 solere
776 1591 888 1643 vias
911 1592 1202 1644 rescindere
1226 1590 1417 1643 nostris

176 1657 437 1726 Sensibus,
462 1659 787 1728 introituque
812 1676 902 1712 suo
927 1676 1262 1729 perrumpere
1285 1675 1485 1727 corpus.

250 1726 439 1779 Omnia
555 1732 722 1779 tremo
745 1726 882 1780 bona
905 1728 1156 1794 sensibus,
1180 1734 1235 1779 et
1256 1727 1399 1779 mala
1423 1731 1588 1792 taem,

177 1794 435 1847 Dissimili
478 1801 598 1847 nter
622 1813 676 1847 se
697 1803 942 1864 pugnant
964 1797 1199 1865 perfecta
1221 1796 1423 1864 figuraz·

177 1862 260 1915 Ne
284 1868 346 1915 tu
367 1864 502 1916 forte
526 1870 681 1933 putes
705 1881 858 1916 serrae
882 1865 1154 1917 stridentis
1178 1863 1425 1917 acerbum
1752 1861 1856 1916 410

179 1930 461 1984 Horrorem
485 1937 721 1984 constare
745 1932 1014 1985 elementis
1038 1933 1256 1985 laevibus
1281 1949 1442 2000 aeque,

179 2000 259 2051 Ac
281 2016 478 2064 musaea
500 2000 648 2064 mele,
672 2018 767 2069 per
790 2001 1007 2053 chordas
1033 2018 1092 2053 or
1127 2002 1267 2053 anici
1289 2018 1410 2068 quae

179 2065 467 2120 Mobilibus
489 2068 672 2136 digitis
696 2070 1068 2137 expergefacta
1090 2019 1337 2137 figurant.

180 2136 303 2189 Neu
326 2136 485 2188 simili
508 2142 781 2205 penetrare
805 2144 959 2206 putes
983 2137 1269 2205 primordia
1291 2138 1462 2190 forma

182 2204 248 2256 In
272 2221 422 2257 nares
445 2204 735 2272 hominum,
761 2219 923 2274 quum
947 2211 1086 2258 tetra
1110 2205 1364 2258 cadavera
1388 2211 1606 2272 torrent,

180 2273 253 2324 Et
277 2288 443 2340 quum
466 2290 620 2325 scena
643 2290 789 2326 croco
809 2271 957 2326 Cilici
980 2274 1194 2341 perfusa
1216 2290 1393 2325 recens
1416 2281 1510 2341 est,

181 2340 392 2409 Araque
415 2341 700 2394 Panchaeos
724 2342 941 2394 exhalat
963 2347 1178 2410 propter
1200 2342 1411 2395 odores:

181 2409 328 2462 Neve
350 2409 510 2462 bonos
533 2427 710 2462 rerum
735 2410 894 2462 simili
919 2417 1157 2462 constare
1181 2411 1375 2463 colores

182 2477 390 2530 Semine
414 2478 716 2544 constituas,
741 2478 916 2530 oculos
941 2479 1035 2545 qui
1096 2495 1269 2532 ascere
1292 2482 1524 2546 possunt,

181 2545 254 2597 Et
277 2546 368 2612 qui
392 2552 757 2614 compungunt
780 2546 961 2613 aciem,
984 2546 1068 2598 lac
1223 2562 1416 2610 areque
1440 2548 1666 2610 cogunt:
1758 2545 1864 2592 420

180 2615 295 2666 Aut
317 2614 457 2666 foeda
481 2614 651 2682 specie
674 2614 829 2666 tetri¹
852 2619 1135 2682 turpesque
1157 2613 1418 2666 videntur.

293 2705 313 2733 ¹¹
341 2710 413 2759 qui
431 2710 619 2760 liquo-un
639 2709 791 2757 limus3
819 2709 915 2748 MS.
1374 2700 1387 2728 ¹
1412 2703 1485 2753 qui
1502 2699 1626 2749 olidi3
1655 2697 1752 2741 MS.
