2084 3000
780 181 1244 246 ARGUMENTA.
1799 195 1860 249 xi

702 343 934 399 LIBRI
994 346 1324 411 QUARTI.

243 465 551 513 Lucnsrws
571 473 679 530 post
708 468 1021 530 magnificum
1055 470 1318 527 exordium,
1339 487 1433 534 quo
1466 477 1513 519 et
1546 472 1857 521 attentionem

172 545 389 604 lectoris,
424 553 473 594 et
509 562 649 595 suum
687 548 841 611 ipsius
874 549 1098 612 spiritum
1132 551 1387 599 resuscitat
1420 550 1490 614 [v.
1522 553 1722 615 1—25],
1744 553 1856 600 libri

173 627 342 687 quarti
381 634 717 688 argumentum
756 643 867 675 cum
910 629 1234 691 superioribus
1276 632 1526 680 connectit.
1593 632 1857 695 Postquam

174 704 311 752 enim
333 705 487 767 primo
509 712 556 754 et
577 706 783 755 secundo
798 707 921 755 libro
935 708 1175 765 docuerat,
1194 724 1302 771 quae
1326 716 1374 756 et
1392 710 1554 770 qualia
1575 710 1672 758 sint
1692 726 1854 759 rerum

171 784 456 847 primordia,
491 786 666 848 quibus
701 787 867 849 figuris
903 788 1143 846 distincta,
1182 804 1276 851 quo
1310 796 1448 837 motu
1490 789 1720 850 ferantur,
1755 800 1855 854 qua

172 863 361 912 ratione
383 872 563 913 ceteras
593 881 668 914 res
699 860 966 928 procreent,
987 868 1110 915 libro
1143 876 1305 917 autem
1328 869 1467 917 tertio
1500 870 1675 917 animae
1710 878 1855 933 atque

84 974 93 983 -
172 945 329 993 animi
361 951 582 994 naturam
615 947 890 1012 explicarat,
914 949 1192 1010 aggreditur
1222 964 1353 997 nunc
1386 946 1446 997 ad
1479 949 1853 1013 disputationem

174 1026 239 1073 de
272 1026 507 1086 sensibus,
534 1027 769 1091 incipiens
802 1043 830 1075 a
861 1032 1118 1077 simulacris
1152 1044 1234 1077 seu
1271 1032 1545 1091 imaginibus
1579 1026 1853 1092 EpicureiS,

175 1105 353 1168 quibus
384 1122 552 1154 sensus
584 1122 749 1155 omnes
781 1115 1066 1156 moveantur
1089 1107 1160 1171 [v.
1185 1109 1420 1172 26-45J.
1487 1109 1644 1157 Docet
1673 1110 1852 1176 itaque,

176 1201 208 1233 a
226 1200 387 1233 rerum
421 1187 670 1250 superficie
688 1189 971 1237 tenuissima
993 1190 1217 1251 quaedam
1249 1196 1299 1238 et
1329 1190 1645 1238 subtilissima
1679 1191 1850 1237 simul-

175 1280 289 1312 acra
326 1266 468 1323 mitti,
501 1281 610 1328 quae
648 1267 829 1330 passim
869 1283 954 1329 per
994 1269 1108 1316 aera
1144 1268 1406 1326 volitantia,
1442 1269 1725 1332 singillatim
1764 1270 1853 1317 sub

175 1345 338 1393 visum
372 1361 470 1395 non
503 1346 690 1401 cadant.
729 1348 812 1395 sed
848 1348 1051 1397 collecta
1090 1356 1137 1396 et
1178 1365 1207 1396 a
1241 1347 1449 1411 speculis
1491 1356 1577 1397 aut
1617 1365 1744 1410 aqua
1777 1365 1850 1396 re-

175 1426 334 1490 pulsa,
367 1427 419 1474 in
451 1426 614 1475 oculos
646 1427 892 1476 incurrant
917 1427 987 1490 [v.
1011 1428 1279 1491 46—108].
1347 1428 1536 1477 Deinde
1569 1429 1853 1477 tenuitatem

175 1508 351 1555 horum
393 1507 760 1556 simulacrorum
804 1509 1109 1568 demonstrat,
1151 1510 1298 1557 simul
1337 1511 1706 1573 primordiorum
1753 1512 1854 1558 exi-

176 1586 410 1648 guitatem
464 1587 752 1635 confirmans
805 1587 879 1651 [v.
926 1588 1222 1651 loo—129}
1325 1588 1524 1652 Duplex
1571 1595 1733 1638 autem
1785 1591 1850 1638 si-

177 1664 503 1713 mulacrorum
546 1667 801 1730 distinguit
842 1684 1024 1731 genus3
1082 1669 1288 1716 alterum
1322 1683 1501 1726 eorum,
1538 1684 1648 1731 quae
1684 1677 1854 1733 sponte

176 1760 266 1793 sua
297 1754 585 1808 generentur
616 1748 668 1795 in
701 1750 826 1808 aiire,
850 1749 1014 1811 qualia
1041 1763 1389 1811 nonnunquam
1418 1749 1667 1798 videamus
1700 1750 1850 1797 exsis-

177 1830 278 1873 tere
314 1825 364 1873 in
402 1827 629 1883 nubibus,
662 1828 819 1875 varias
856 1843 1015 1876 rerum
1052 1829 1231 1891 figuras
1265 1828 1596 1885 imitantibus3
1647 1829 1852 1877 alterum

177 1920 358 1963 eorum,
381 1922 491 1969 quae
513 1923 542 1954 a
562 1923 724 1956 rerum
757 1909 1007 1970 superficie
1038 1908 1244 1967 avolent,
1267 1909 1406 1972 quasi
1428 1915 1595 1957 tenues
1627 1910 1853 1971 quaedam

179 1985 384 2045 exuviae,
403 1986 640 2050 facileque
671 1992 719 2035 et
748 1994 978 2051 perpetuo
1011 1990 1242 2048 oriantur,
1265 1996 1313 2038 et
1340 2005 1397 2037 ea
1417 1996 1578 2037 motus
1611 1989 1852 2037 celeritate

176 2081 264 2129 per
281 2068 392 2114 aeta
412 2068 640 2125 ferantur,
663 2075 719 2116 ut
738 2069 938 2117 luminis
960 2070 1126 2118 solaris
1142 2070 1330 2131 jactum
1352 2074 1638 2132 exsuperent
1662 2067 1732 2131 [v.
1761 2070 1853 2116 130

176 2145 378 2209 -216].
447 2146 541 2195 Sed
563 2148 679 2211 quia
699 2148 830 2197 visus
854 2149 1072 2197 omnium
1095 2164 1325 2197 sensuum
1347 2148 1531 2213 primus
1551 2148 1767 2205 habetur,
1792 2148 1852 2195 ab

179 2241 235 2274 eo
255 2227 322 2273 sic
341 2226 587 2275 exorditur
606 2229 763 2290 poeta,
784 2234 837 2276 ut
858 2243 918 2276 ex
938 2229 1310 2276 simulacrorum
1343 2227 1541 2276 incursu
1572 2242 1685 2275 eum
1716 2227 1851 2289 gigni

178 2309 394 2355 ostendat
428 2305 499 2369 [ν.
533 2306 834 2371 217-239].
902 2308 1030 2356 Tum
1074 2308 1325 2370 explicatis
1367 2307 1444 2365 iis,
1476 2321 1586 2368 quae
1627 2306 1688 2354 ad
1719 2306 1853 2352 visus
1902 2317 1908 2324 ’

179 2402 343 2435 causas
387 2392 620 2451 spectant,
648 2388 779 2436 varia
821 2388 881 2436 de
926 2403 981 2435 eo
1014 2388 1335 2451 «problemata,
1368 2386 1591 2448 inprimis
1637 2400 1747 2445 quoe
1790 2385 1852 2431 ad

179 2466 358 2529 speculi
378 2466 612 2528 imagines
634 2472 681 2514 et
701 2466 826 2514 lucis
848 2471 992 2528 atque
1010 2466 1196 2513 umbrae
1219 2465 1453 2513 rationem
1470 2461 1723 2522 pertinent,
1740 2473 1851 2520 pro-

176 2546 308 2610 ponit
335 2553 385 2594 et
411 2546 556 2594 solvit
579 2544 649 2608 [v.
674 2543 974 2606 240-379J.
1042 2545 1191 2591 Porro
1212 2555 1382 2590 sensus
1401 2554 1498 2586 non
1522 2552 1625 2584 esse
1644 2538 1852 2583 incertos

179 2632 356 2684 monet,
377 2640 584 2690 quorum
615 2624 762 2673 fidem
791 2624 950 2672 multa
969 2629 1149 2671 temere
1180 2619 1518 2669 existimentur
1537 2615 1849 2665 labefactaret
