<?xml version="1.0" encoding="UTF-8"?>
<!DOCTYPE html PUBLIC "-//W3C//DTD XHTML 1.0 Transitional//EN"
    "http://www.w3.org/TR/xhtml1/DTD/xhtml1-transitional.dtd">
<html xmlns="http://www.w3.org/1999/xhtml" xml:lang="en" lang="en">
 <head>
  <title>
</title>
<meta http-equiv="Content-Type" content="text/html;charset=utf-8" />
  <meta name='ocr-system' content='tesseract 3.04.00' />
  <meta name='ocr-capabilities' content='ocr_page ocr_carea ocr_par ocr_line ocrx_word'/>
</head>
<body>
  <div class='ocr_page' id='page_1' title='image "./tlucretiicaride04carugoog_0151.png"; bbox 0 0 2084 3000; ppageno 0'>
   <div class='ocr_carea' id='block_1_1' title="bbox 729 181 1848 248">
    <p class='ocr_par' dir='ltr' id='par_1_1' title="bbox 729 181 1848 248">
     <span class='ocr_line' id='line_1_1' title="bbox 729 181 1848 248; baseline 0.004 -13"><span class='ocrx_word' id='word_1_1' title='bbox 729 181 947 236; x_wconf 82' lang='lat' dir='ltr'>LIBER</span> <span class='ocrx_word' id='word_1_2' title='bbox 983 183 1325 248; x_wconf 79' lang='lat' dir='ltr'><strong>QUARTUS.</strong></span> <span class='ocrx_word' id='word_1_3' title='bbox 1751 188 1848 241; x_wconf 77' lang='lat'><strong>131</strong></span> 
     </span>
    </p>
   </div>
   <div class='ocr_carea' id='block_1_2' title="bbox 170 280 1860 2745">
    <p class='ocr_par' dir='ltr' id='par_1_2' title="bbox 170 280 1512 489">
     <span class='ocr_line' id='line_1_2' title="bbox 170 280 1399 365; baseline 0.005 -31"><span class='ocrx_word' id='word_1_4' title='bbox 170 280 347 335; x_wconf 75' lang='lat' dir='ltr'><strong>Tanta</strong></span> <span class='ocrx_word' id='word_1_5' title='bbox 369 286 450 335; x_wconf 89' lang='lat' dir='ltr'><strong>est</strong></span> <span class='ocrx_word' id='word_1_6' title='bbox 471 282 751 365; x_wconf 62' lang='lat' dir='ltr'><strong>mobilitss3</strong></span> <span class='ocrx_word' id='word_1_7' title='bbox 767 290 822 336; x_wconf 92' lang='lat' dir='ltr'><strong>et</strong></span> <span class='ocrx_word' id='word_1_8' title='bbox 845 302 1021 337; x_wconf 90' lang='lat' dir='ltr'><strong>rerum</strong></span> <span class='ocrx_word' id='word_1_9' title='bbox 1046 286 1197 354; x_wconf 76' lang='lat' dir='ltr'><strong>eopia</strong></span> <span class='ocrx_word' id='word_1_10' title='bbox 1220 291 1399 340; x_wconf 74' lang='lat' dir='ltr'><strong>tanta:</strong></span> 
     </span>
     <span class='ocr_line' id='line_1_3' title="bbox 174 347 1471 421; baseline 0.004 -18"><span class='ocrx_word' id='word_1_11' title='bbox 174 351 309 418; x_wconf 81' lang='lat' dir='ltr'><strong>Hoc,</strong></span> <span class='ocrx_word' id='word_1_12' title='bbox 333 347 427 403; x_wconf 88' lang='lat' dir='ltr'><strong>ubi</strong></span> <span class='ocrx_word' id='word_1_13' title='bbox 450 351 620 419; x_wconf 75' lang='lat' dir='ltr'><strong>prima</strong></span> <span class='ocrx_word' id='word_1_14' title='bbox 643 358 794 421; x_wconf 86' lang='lat' dir='ltr'><strong>pent,</strong></span> <span class='ocrx_word' id='word_1_15' title='bbox 819 349 1024 421; x_wconf 78' lang='lat' dir='ltr'><strong>alioque</strong></span> <span class='ocrx_word' id='word_1_16' title='bbox 1049 360 1129 406; x_wconf 86' lang='lat' dir='ltr'><strong>est</strong></span> <span class='ocrx_word' id='word_1_17' title='bbox 1153 354 1320 407; x_wconf 77' lang='lat' dir='ltr'><strong>altera</strong></span> <span class='ocrx_word' id='word_1_18' title='bbox 1341 360 1471 408; x_wconf 77' lang='lat' dir='ltr'><strong>nata</strong></span> 
     </span>
     <span class='ocr_line' id='line_1_4' title="bbox 177 420 1512 489; baseline 0.003 -17"><span class='ocrx_word' id='word_1_19' title='bbox 177 420 315 472; x_wconf 87' lang='lat' dir='ltr'><strong>Inde</strong></span> <span class='ocrx_word' id='word_1_20' title='bbox 339 425 500 486; x_wconf 77' lang='lat' dir='ltr'><strong>statu,</strong></span> <span class='ocrx_word' id='word_1_21' title='bbox 527 420 668 488; x_wconf 87' lang='lat' dir='ltr'><strong>prior</strong></span> <span class='ocrx_word' id='word_1_22' title='bbox 690 420 778 472; x_wconf 86' lang='lat' dir='ltr'><strong>hio</strong></span> <span class='ocrx_word' id='word_1_23' title='bbox 801 427 1009 489; x_wconf 85' lang='lat' dir='ltr'><strong>gestum</strong></span> <span class='ocrx_word' id='word_1_24' title='bbox 1031 428 1264 475; x_wconf 82' lang='lat' dir='ltr'><strong>mutasse</strong></span> <span class='ocrx_word' id='word_1_25' title='bbox 1287 424 1512 476; x_wconf 83' lang='lat' dir='ltr'><strong>videtur.</strong></span> 
     </span>
    </p>

    <p class='ocr_par' dir='ltr' id='par_1_3' title="bbox 173 488 1817 696">
     <span class='ocr_line' id='line_1_5' title="bbox 249 488 1622 559; baseline 0.004 -19"><span class='ocrx_word' id='word_1_26' title='bbox 249 488 336 554; x_wconf 89' lang='lat' dir='ltr'><strong>Et,</strong></span> <span class='ocrx_word' id='word_1_27' title='bbox 360 488 487 556; x_wconf 74' lang='lat' dir='ltr'><strong>quia</strong></span> <span class='ocrx_word' id='word_1_28' title='bbox 509 489 694 541; x_wconf 74' lang='lat' dir='ltr'><strong>tenuia</strong></span> <span class='ocrx_word' id='word_1_29' title='bbox 718 495 858 557; x_wconf 88' lang='lat' dir='ltr'><strong>sunt,</strong></span> <span class='ocrx_word' id='word_1_30' title='bbox 881 490 988 542; x_wconf 84' lang='lat' dir='ltr'><strong>nisi</strong></span> <span class='ocrx_word' id='word_1_31' title='bbox 1011 508 1131 559; x_wconf 80' lang='lat' dir='ltr'><strong>quae</strong></span> <span class='ocrx_word' id='word_1_32' title='bbox 1155 492 1443 559; x_wconf 74' lang='lat' dir='ltr'><strong>contendit,</strong></span> <span class='ocrx_word' id='word_1_33' title='bbox 1465 496 1622 545; x_wconf 75' lang='lat' dir='ltr'><strong>acute</strong></span> 
     </span>
     <span class='ocr_line' id='line_1_6' title="bbox 174 557 1817 629; baseline 0.004 -21"><span class='ocrx_word' id='word_1_34' title='bbox 174 557 401 609; x_wconf 83' lang='lat' dir='ltr'><strong>Cernere</strong></span> <span class='ocrx_word' id='word_1_35' title='bbox 421 573 530 608; x_wconf 91' lang='lat' dir='ltr'><strong>non</strong></span> <span class='ocrx_word' id='word_1_36' title='bbox 552 558 691 625; x_wconf 88' lang='lat' dir='ltr'><strong>potis</strong></span> <span class='ocrx_word' id='word_1_37' title='bbox 715 563 794 609; x_wconf 89' lang='lat' dir='ltr'><strong>est</strong></span> <span class='ocrx_word' id='word_1_38' title='bbox 817 558 1055 623; x_wconf 83' lang='lat' dir='ltr'><strong>animus3</strong></span> <span class='ocrx_word' id='word_1_39' title='bbox 1090 560 1307 627; x_wconf 85' lang='lat' dir='ltr'><strong>proinde</strong></span> <span class='ocrx_word' id='word_1_40' title='bbox 1330 560 1519 628; x_wconf 70' lang='lat' dir='ltr'><strong>omnia,</strong></span> <span class='ocrx_word' id='word_1_41' title='bbox 1546 577 1666 629; x_wconf 80' lang='lat' dir='ltr'><strong>quse</strong></span> <span class='ocrx_word' id='word_1_42' title='bbox 1690 565 1817 614; x_wconf 82' lang='lat' dir='ltr'><strong>sunt</strong></span> 
     </span>
     <span class='ocr_line' id='line_1_7' title="bbox 173 624 1457 696; baseline 0.004 -20"><span class='ocrx_word' id='word_1_43' title='bbox 173 624 450 693; x_wconf 68' lang='lat' dir='ltr'><strong>Pmterea,</strong></span> <span class='ocrx_word' id='word_1_44' title='bbox 475 631 714 693; x_wconf 88' lang='lat' dir='ltr'><strong>pereunt,</strong></span> <span class='ocrx_word' id='word_1_45' title='bbox 738 626 842 677; x_wconf 86' lang='lat' dir='ltr'><strong>nisi</strong></span> <span class='ocrx_word' id='word_1_46' title='bbox 867 627 941 678; x_wconf 85' lang='lat' dir='ltr'><strong>sic</strong></span> <span class='ocrx_word' id='word_1_47' title='bbox 967 644 1076 679; x_wconf 82' lang='lat' dir='ltr'><strong>sese</strong></span> <span class='ocrx_word' id='word_1_48' title='bbox 1099 628 1212 695; x_wconf 90' lang='lat' dir='ltr'><strong>ipse</strong></span> <span class='ocrx_word' id='word_1_49' title='bbox 1234 629 1457 696; x_wconf 78' lang='lat' dir='ltr'><strong>paravit.</strong></span> 
     </span>
    </p>

    <p class='ocr_par' dir='ltr' id='par_1_4' title="bbox 175 692 1718 834">
     <span class='ocr_line' id='line_1_8' title="bbox 175 692 1385 764; baseline 0.003 -20"><span class='ocrx_word' id='word_1_50' title='bbox 175 692 204 744; x_wconf 93' lang='lat'>1</span> <span class='ocrx_word' id='word_1_51' title='bbox 244 710 297 745; x_wconf 85' lang='lat' dir='ltr'><strong>se</strong></span> <span class='ocrx_word' id='word_1_52' title='bbox 321 699 474 762; x_wconf 76' lang='lat' dir='ltr'><strong>parat</strong></span> <span class='ocrx_word' id='word_1_53' title='bbox 498 710 607 746; x_wconf 86' lang='lat' dir='ltr'><strong>sese</strong></span> <span class='ocrx_word' id='word_1_54' title='bbox 630 710 795 763; x_wconf 74' lang='lat' dir='ltr'><strong>porr-0,</strong></span> <span class='ocrx_word' id='word_1_55' title='bbox 821 700 1102 763; x_wconf 76' lang='lat' dir='ltr'><strong>speratque</strong></span> <span class='ocrx_word' id='word_1_56' title='bbox 1124 695 1385 764; x_wconf 80' lang='lat' dir='ltr'><strong>futurum,</strong></span> 
     </span>
     <span class='ocr_line' id='line_1_9' title="bbox 226 762 1718 834; baseline 0.005 -21"><span class='ocrx_word' id='word_1_57' title='bbox 226 768 251 814; x_wconf 87' lang='lat' dir='ltr'><strong>t</strong></span> <span class='ocrx_word' id='word_1_58' title='bbox 275 762 467 829; x_wconf 75' lang='lat' dir='ltr'><strong>videat,</strong></span> <span class='ocrx_word' id='word_1_59' title='bbox 492 763 633 830; x_wconf 89' lang='lat' dir='ltr'><strong>quod</strong></span> <span class='ocrx_word' id='word_1_60' title='bbox 658 764 1009 831; x_wconf 77' lang='lat' dir='ltr'><strong>consequitur,</strong></span> <span class='ocrx_word' id='word_1_61' title='bbox 1032 778 1144 816; x_wconf 89' lang='lat' dir='ltr'><strong>rem</strong></span> <span class='ocrx_word' id='word_1_62' title='bbox 1170 781 1457 833; x_wconf 75' lang='lat' dir='ltr'><strong>quamque:</strong></span> <span class='ocrx_word' id='word_1_63' title='bbox 1492 765 1557 818; x_wconf 85' lang='lat' dir='ltr'><strong>fit</strong></span> <span class='ocrx_word' id='word_1_64' title='bbox 1580 782 1718 834; x_wconf 79' lang='lat' dir='ltr'><strong>ergo·</strong></span> 
     </span>
    </p>

    <p class='ocr_par' dir='ltr' id='par_1_5' title="bbox 176 830 1853 1036">
     <span class='ocr_line' id='line_1_10' title="bbox 243 830 1699 902; baseline 0.003 -20"><span class='ocrx_word' id='word_1_65' title='bbox 243 830 430 882; x_wconf 83' lang='lat' dir='ltr'><strong>Nonne</strong></span> <span class='ocrx_word' id='word_1_66' title='bbox 453 830 612 897; x_wconf 78' lang='lat' dir='ltr'><strong>vides,</strong></span> <span class='ocrx_word' id='word_1_67' title='bbox 631 831 805 883; x_wconf 81' lang='lat' dir='ltr'><strong>oculos</strong></span> <span class='ocrx_word' id='word_1_68' title='bbox 829 832 1003 897; x_wconf 70' lang='lat' dir='ltr'><strong>etiam,</strong></span> <span class='ocrx_word' id='word_1_69' title='bbox 1028 848 1209 899; x_wconf 89' lang='lat' dir='ltr'><strong>quum,</strong></span> <span class='ocrx_word' id='word_1_70' title='bbox 1228 833 1414 886; x_wconf 71' lang='lat' dir='ltr'><strong>tenuia</strong></span> <span class='ocrx_word' id='word_1_71' title='bbox 1437 850 1552 902; x_wconf 81' lang='lat' dir='ltr'><strong>quae</strong></span> <span class='ocrx_word' id='word_1_72' title='bbox 1576 835 1699 902; x_wconf 86' lang='lat' dir='ltr'><strong>sint,</strong></span> 
     </span>
     <span class='ocr_line' id='line_1_11' title="bbox 176 897 1853 969; baseline 0.003 -19"><span class='ocrx_word' id='word_1_73' title='bbox 176 897 397 951; x_wconf 78' lang='lat' dir='ltr'><strong>Cernere</strong></span> <span class='ocrx_word' id='word_1_74' title='bbox 421 903 705 968; x_wconf 83' lang='lat' dir='ltr'><strong>eoeperunt,</strong></span> <span class='ocrx_word' id='word_1_75' title='bbox 730 900 1042 952; x_wconf 84' lang='lat' dir='ltr'><strong>eontendere</strong></span> <span class='ocrx_word' id='word_1_76' title='bbox 1067 917 1121 953; x_wconf 88' lang='lat' dir='ltr'><strong>se</strong></span> <span class='ocrx_word' id='word_1_77' title='bbox 1144 905 1306 968; x_wconf 77' lang='lat' dir='ltr'><strong>atque</strong></span> <span class='ocrx_word' id='word_1_78' title='bbox 1329 915 1528 969; x_wconf 71' lang='lat' dir='ltr'><strong>parare,</strong></span> <span class='ocrx_word' id='word_1_79' title='bbox 1747 905 1853 955; x_wconf 75' lang='lat'><strong>810</strong></span> 
     </span>
     <span class='ocr_line' id='line_1_12' title="bbox 176 965 1425 1036; baseline 0.003 -18"><span class='ocrx_word' id='word_1_80' title='bbox 176 965 288 1019; x_wconf 82' lang='lat' dir='ltr'><strong>Nec</strong></span> <span class='ocrx_word' id='word_1_81' title='bbox 312 966 424 1019; x_wconf 88' lang='lat' dir='ltr'><strong>sine</strong></span> <span class='ocrx_word' id='word_1_82' title='bbox 447 984 508 1019; x_wconf 90' lang='lat' dir='ltr'><strong>eo</strong></span> <span class='ocrx_word' id='word_1_83' title='bbox 530 967 646 1019; x_wconf 83' lang='lat' dir='ltr'><strong>fieri</strong></span> <span class='ocrx_word' id='word_1_84' title='bbox 668 984 829 1036; x_wconf 83' lang='lat' dir='ltr'><strong>posse,</strong></span> <span class='ocrx_word' id='word_1_85' title='bbox 854 973 918 1020; x_wconf 83' lang='lat' dir='ltr'><strong>ut</strong></span> <span class='ocrx_word' id='word_1_86' title='bbox 941 984 1213 1021; x_wconf 75' lang='lat' dir='ltr'><strong>cernamus</strong></span> <span class='ocrx_word' id='word_1_87' title='bbox 1235 969 1425 1022; x_wconf 71' lang='lat' dir='ltr'><strong>acute?</strong></span> 
     </span>
    </p>

    <p class='ocr_par' dir='ltr' id='par_1_6' title="bbox 175 1034 1634 1252">
     <span class='ocr_line' id='line_1_13' title="bbox 176 1034 1594 1107; baseline 0.003 -21"><span class='ocrx_word' id='word_1_88' title='bbox 176 1034 250 1086; x_wconf 83' lang='lat' dir='ltr'><strong>Et</strong></span> <span class='ocrx_word' id='word_1_89' title='bbox 274 1040 451 1087; x_wconf 79' lang='lat' dir='ltr'><strong>tamen</strong></span> <span class='ocrx_word' id='word_1_90' title='bbox 474 1035 533 1087; x_wconf 89' lang='lat' dir='ltr'><strong>in</strong></span> <span class='ocrx_word' id='word_1_91' title='bbox 554 1035 711 1087; x_wconf 90' lang='lat' dir='ltr'><strong>rebus</strong></span> <span class='ocrx_word' id='word_1_92' title='bbox 734 1051 942 1104; x_wconf 84' lang='lat' dir='ltr'><strong>quoque</strong></span> <span class='ocrx_word' id='word_1_93' title='bbox 966 1037 1163 1104; x_wconf 78' lang='lat' dir='ltr'><strong>apertis</strong></span> <span class='ocrx_word' id='word_1_94' title='bbox 1185 1053 1395 1090; x_wconf 80' lang='lat' dir='ltr'><strong>noscere</strong></span> <span class='ocrx_word' id='word_1_95' title='bbox 1417 1038 1594 1107; x_wconf 86' lang='lat' dir='ltr'><strong>possis,</strong></span> 
     </span>
     <span class='ocr_line' id='line_1_14' title="bbox 177 1102 1634 1174; baseline 0.003 -20"><span class='ocrx_word' id='word_1_96' title='bbox 177 1102 236 1155; x_wconf 83' lang='lat' dir='ltr'><strong>Si</strong></span> <span class='ocrx_word' id='word_1_97' title='bbox 258 1119 365 1155; x_wconf 91' lang='lat' dir='ltr'><strong>non</strong></span> <span class='ocrx_word' id='word_1_98' title='bbox 387 1103 630 1156; x_wconf 69' lang='lat' dir='ltr'><strong>advertas</strong></span> <span class='ocrx_word' id='word_1_99' title='bbox 651 1104 903 1170; x_wconf 74' lang='lat' dir='ltr'><strong>animum,</strong></span> <span class='ocrx_word' id='word_1_100' title='bbox 927 1105 1147 1172; x_wconf 87' lang='lat' dir='ltr'><strong>proinde</strong></span> <span class='ocrx_word' id='word_1_101' title='bbox 1169 1122 1292 1171; x_wconf 86' lang='lat' dir='ltr'><strong>esse,</strong></span> <span class='ocrx_word' id='word_1_102' title='bbox 1316 1106 1467 1174; x_wconf 76' lang='lat' dir='ltr'><strong>quasi</strong></span> <span class='ocrx_word' id='word_1_103' title='bbox 1491 1107 1634 1159; x_wconf 85' lang='lat' dir='ltr'><strong>omni</strong></span> 
     </span>
     <span class='ocr_line' id='line_1_15' title="bbox 175 1171 1470 1252; baseline 0.003 -29"><span class='ocrx_word' id='word_1_104' title='bbox 175 1171 428 1252; x_wconf 77' lang='lat' dir='ltr'><strong>Tempore</strong></span> <span class='ocrx_word' id='word_1_105' title='bbox 451 1177 709 1224; x_wconf 87' lang='lat' dir='ltr'><strong>semotum</strong></span> <span class='ocrx_word' id='word_1_106' title='bbox 730 1172 896 1224; x_wconf 84' lang='lat' dir='ltr'><strong>fuerit</strong></span> <span class='ocrx_word' id='word_1_107' title='bbox 918 1173 1046 1240; x_wconf 85' lang='lat' dir='ltr'><strong>long</strong></span> <span class='ocrx_word' id='word_1_108' title='bbox 1111 1188 1176 1225; x_wconf 82' lang='lat' dir='ltr'><strong>uo</strong></span> <span class='ocrx_word' id='word_1_109' title='bbox 1198 1180 1470 1227; x_wconf 88' lang='lat' dir='ltr'><strong>remotum.</strong></span> 
     </span>
    </p>

    <p class='ocr_par' dir='ltr' id='par_1_7' title="bbox 179 1239 1536 1446">
     <span class='ocr_line' id='line_1_16' title="bbox 181 1239 1516 1311; baseline 0.004 -20"><span class='ocrx_word' id='word_1_110' title='bbox 181 1239 289 1291; x_wconf 79' lang='lat' dir='ltr'><strong>Gur</strong></span> <span class='ocrx_word' id='word_1_111' title='bbox 309 1239 476 1307; x_wconf 85' lang='lat' dir='ltr'><strong>1gitur</strong></span> <span class='ocrx_word' id='word_1_112' title='bbox 496 1240 692 1292; x_wconf 90' lang='lat' dir='ltr'><strong>mirum</strong></span> <span class='ocrx_word' id='word_1_113' title='bbox 715 1244 809 1307; x_wconf 88' lang='lat' dir='ltr'><strong>est,</strong></span> <span class='ocrx_word' id='word_1_114' title='bbox 833 1241 1041 1292; x_wconf 76' lang='lat' dir='ltr'><strong>animus</strong></span> <span class='ocrx_word' id='word_1_115' title='bbox 1134 1247 1308 1294; x_wconf 79' lang='lat' dir='ltr'><strong>cetera</strong></span> <span class='ocrx_word' id='word_1_116' title='bbox 1330 1241 1516 1311; x_wconf 78' lang='lat' dir='ltr'><strong>perdit,</strong></span> 
     </span>
     <span class='ocr_line' id='line_1_17' title="bbox 181 1307 1536 1379; baseline 0.004 -20"><span class='ocrx_word' id='word_1_117' title='bbox 181 1307 381 1360; x_wconf 82' lang='lat' dir='ltr'><strong>Praeter</strong></span> <span class='ocrx_word' id='word_1_118' title='bbox 404 1324 565 1376; x_wconf 74' lang='lat' dir='ltr'><strong>quam</strong></span> <span class='ocrx_word' id='word_1_119' title='bbox 587 1307 774 1376; x_wconf 86' lang='lat' dir='ltr'><strong>quibus</strong></span> <span class='ocrx_word' id='word_1_120' title='bbox 796 1314 877 1360; x_wconf 86' lang='lat' dir='ltr'><strong>est</strong></span> <span class='ocrx_word' id='word_1_121' title='bbox 900 1308 958 1360; x_wconf 92' lang='lat' dir='ltr'><strong>in</strong></span> <span class='ocrx_word' id='word_1_122' title='bbox 980 1309 1134 1360; x_wconf 88' lang='lat' dir='ltr'><strong>rebus</strong></span> <span class='ocrx_word' id='word_1_123' title='bbox 1159 1309 1368 1363; x_wconf 86' lang='lat' dir='ltr'><strong>deditus</strong></span> <span class='ocrx_word' id='word_1_124' title='bbox 1391 1311 1536 1379; x_wconf 70' lang='lat' dir='ltr'><strong>ipse?</strong></span> 
     </span>
     <span class='ocr_line' id='line_1_18' title="bbox 179 1374 1495 1446; baseline 0.003 -19"><span class='ocrx_word' id='word_1_125' title='bbox 179 1374 385 1428; x_wconf 86' lang='lat' dir='ltr'><strong>Deinde</strong></span> <span class='ocrx_word' id='word_1_126' title='bbox 407 1376 751 1444; x_wconf 75' lang='lat' dir='ltr'><strong>adopinamur</strong></span> <span class='ocrx_word' id='word_1_127' title='bbox 774 1377 839 1429; x_wconf 92' lang='lat' dir='ltr'><strong>de</strong></span> <span class='ocrx_word' id='word_1_128' title='bbox 863 1376 1025 1444; x_wconf 81' lang='lat' dir='ltr'><strong>signis</strong></span> <span class='ocrx_word' id='word_1_129' title='bbox 1049 1377 1283 1430; x_wconf 76' lang='lat' dir='ltr'><strong>maxima</strong></span> <span class='ocrx_word' id='word_1_130' title='bbox 1304 1380 1495 1446; x_wconf 79' lang='lat' dir='ltr'><strong>parvis,</strong></span> 
     </span>
    </p>

    <p class='ocr_par' dir='ltr' id='par_1_8' title="bbox 179 1443 1528 1519">
     <span class='ocr_line' id='line_1_19' title="bbox 179 1443 1528 1519; baseline 0.004 -23"><span class='ocrx_word' id='word_1_131' title='bbox 179 1443 260 1496; x_wconf 83' lang='lat' dir='ltr'><strong>Ac</strong></span> <span class='ocrx_word' id='word_1_132' title='bbox 283 1460 377 1496; x_wconf 84' lang='lat' dir='ltr'><strong>nos</strong></span> <span class='ocrx_word' id='word_1_133' title='bbox 399 1443 459 1496; x_wconf 89' lang='lat' dir='ltr'><strong>in</strong></span> <span class='ocrx_word' id='word_1_134' title='bbox 481 1445 719 1497; x_wconf 78' lang='lat' dir='ltr'><strong>fraudem</strong></span> <span class='ocrx_word' id='word_1_135' title='bbox 742 1444 1013 1497; x_wconf 78' lang='lat' dir='ltr'><strong>induimus</strong></span> <span class='ocrx_word' id='word_1_136' title='bbox 1035 1446 1390 1500; x_wconf 72' lang='lat' dir='ltr'><strong>frustraminis</strong></span> <span class='ocrx_word' id='word_1_137' title='bbox 1413 1447 1528 1519; x_wconf 86' lang='lat' dir='ltr'><strong>ipsi.</strong></span> 
     </span>
    </p>

    <p class='ocr_par' dir='ltr' id='par_1_9' title="bbox 181 1512 1854 1717">
     <span class='ocr_line' id='line_1_20' title="bbox 252 1512 1673 1586; baseline 0.005 -22"><span class='ocrx_word' id='word_1_138' title='bbox 252 1512 342 1565; x_wconf 84' lang='lat' dir='ltr'><strong>Fit</strong></span> <span class='ocrx_word' id='word_1_139' title='bbox 364 1529 581 1581; x_wconf 89' lang='lat' dir='ltr'><strong>quoque,</strong></span> <span class='ocrx_word' id='word_1_140' title='bbox 604 1519 667 1566; x_wconf 88' lang='lat' dir='ltr'><strong>ut</strong></span> <span class='ocrx_word' id='word_1_141' title='bbox 690 1514 957 1567; x_wconf 89' lang='lat' dir='ltr'><strong>interdum</strong></span> <span class='ocrx_word' id='word_1_142' title='bbox 978 1532 1087 1567; x_wconf 91' lang='lat' dir='ltr'><strong>non</strong></span> <span class='ocrx_word' id='word_1_143' title='bbox 1111 1532 1210 1583; x_wconf 90' lang='lat' dir='ltr'><strong>sup</strong></span> <span class='ocrx_word' id='word_1_144' title='bbox 1316 1516 1477 1569; x_wconf 84' lang='lat' dir='ltr'><strong>&#39;tetur</strong></span> <span class='ocrx_word' id='word_1_145' title='bbox 1498 1517 1673 1586; x_wconf 69' lang='lat' dir='ltr'><strong>imago</strong></span> 
     </span>
     <span class='ocr_line' id='line_1_21' title="bbox 184 1580 1854 1651; baseline 0.003 -17"><span class='ocrx_word' id='word_1_146' title='bbox 184 1580 439 1649; x_wconf 85' lang='lat' dir='ltr'><strong>Ejusdem</strong></span> <span class='ocrx_word' id='word_1_147' title='bbox 461 1582 693 1649; x_wconf 80' lang='lat' dir='ltr'><strong>generis3</strong></span> <span class='ocrx_word' id='word_1_148' title='bbox 717 1582 808 1634; x_wconf 86' lang='lat' dir='ltr'><strong>sed</strong></span> <span class='ocrx_word' id='word_1_149' title='bbox 829 1583 1042 1648; x_wconf 81' lang='lat' dir='ltr'><strong>femina,</strong></span> <span class='ocrx_word' id='word_1_150' title='bbox 1069 1600 1188 1651; x_wconf 75' lang='lat' dir='ltr'><strong>quse</strong></span> <span class='ocrx_word' id='word_1_151' title='bbox 1237 1583 1315 1636; x_wconf 92' lang='lat' dir='ltr'><strong>uit</strong></span> <span class='ocrx_word' id='word_1_152' title='bbox 1337 1589 1463 1639; x_wconf 74' lang='lat' dir='ltr'><strong>ante</strong></span> <span class='ocrx_word' id='word_1_153' title='bbox 1751 1589 1854 1639; x_wconf 67' lang='lat'><strong>820</strong></span> 
     </span>
     <span class='ocr_line' id='line_1_22' title="bbox 181 1648 1466 1717; baseline 0.003 -15"><span class='ocrx_word' id='word_1_154' title='bbox 181 1648 250 1702; x_wconf 90' lang='lat' dir='ltr'><strong>In</strong></span> <span class='ocrx_word' id='word_1_155' title='bbox 272 1648 530 1717; x_wconf 75' lang='lat' dir='ltr'><strong>manibus,</strong></span> <span class='ocrx_word' id='word_1_156' title='bbox 552 1650 635 1703; x_wconf 75' lang='lat' dir='ltr'><strong>vir</strong></span> <span class='ocrx_word' id='word_1_157' title='bbox 658 1657 773 1703; x_wconf 91' lang='lat' dir='ltr'><strong>tum</strong></span> <span class='ocrx_word' id='word_1_158' title='bbox 795 1651 970 1704; x_wconf 77' lang='lat' dir='ltr'><strong>faetus</strong></span> <span class='ocrx_word' id='word_1_159' title='bbox 993 1652 1239 1704; x_wconf 75' lang='lat' dir='ltr'><strong>videatur</strong></span> <span class='ocrx_word' id='word_1_160' title='bbox 1261 1652 1466 1707; x_wconf 73' lang='lat' dir='ltr'><strong>adesse:</strong></span> 
     </span>
    </p>

    <p class='ocr_par' dir='ltr' id='par_1_10' title="bbox 182 1717 1518 1857">
     <span class='ocr_line' id='line_1_23' title="bbox 182 1717 1384 1802; baseline 0.003 -33"><span class='ocrx_word' id='word_1_161' title='bbox 182 1717 298 1771; x_wconf 83' lang='lat' dir='ltr'><strong>Aut</strong></span> <span class='ocrx_word' id='word_1_162' title='bbox 320 1717 428 1771; x_wconf 75' lang='lat' dir='ltr'><strong>alia</strong></span> <span class='ocrx_word' id='word_1_163' title='bbox 450 1735 516 1771; x_wconf 83' lang='lat' dir='ltr'><strong>ex</strong></span> <span class='ocrx_word' id='word_1_164' title='bbox 540 1718 647 1771; x_wconf 72' lang='lat' dir='ltr'><strong>alia.</strong></span> <span class='ocrx_word' id='word_1_165' title='bbox 668 1719 828 1772; x_wconf 76' lang='lat' dir='ltr'><strong>facies</strong></span> <span class='ocrx_word' id='word_1_166' title='bbox 853 1726 1084 1789; x_wconf 76' lang='lat' dir='ltr'><strong>aetasque</strong></span> <span class='ocrx_word' id='word_1_167' title='bbox 1109 1725 1384 1802; x_wconf 73' lang='lat' dir='ltr'><strong>sequatur:</strong></span> 
     </span>
     <span class='ocr_line' id='line_1_24' title="bbox 184 1786 1518 1857; baseline 0.004 -20"><span class='ocrx_word' id='word_1_168' title='bbox 184 1786 338 1851; x_wconf 82' lang='lat' dir='ltr'><strong>Quod</strong></span> <span class='ocrx_word' id='word_1_169' title='bbox 359 1804 428 1838; x_wconf 92' lang='lat' dir='ltr'><strong>ne</strong></span> <span class='ocrx_word' id='word_1_170' title='bbox 451 1787 714 1854; x_wconf 88' lang='lat' dir='ltr'><strong>miremur,</strong></span> <span class='ocrx_word' id='word_1_171' title='bbox 739 1804 890 1857; x_wconf 87' lang='lat' dir='ltr'><strong>sopor</strong></span> <span class='ocrx_word' id='word_1_172' title='bbox 912 1795 1075 1857; x_wconf 74' lang='lat' dir='ltr'><strong>atque</strong></span> <span class='ocrx_word' id='word_1_173' title='bbox 1099 1789 1293 1841; x_wconf 72' lang='lat' dir='ltr'><strong>oblivia</strong></span> <span class='ocrx_word' id='word_1_174' title='bbox 1316 1794 1518 1843; x_wconf 77' lang='lat' dir='ltr'><strong>curant.</strong></span> 
     </span>
    </p>

    <p class='ocr_par' dir='ltr' id='par_1_11' title="bbox 255 1855 1531 1918">
     <span class='ocr_line' id='line_1_25' title="bbox 255 1855 1531 1918; baseline 0.004 -11"><span class='ocrx_word' id='word_1_175' title='bbox 255 1855 400 1907; x_wconf 86' lang='lat' dir='ltr'><strong>Illud</strong></span> <span class='ocrx_word' id='word_1_176' title='bbox 423 1855 482 1907; x_wconf 91' lang='lat' dir='ltr'><strong>in</strong></span> <span class='ocrx_word' id='word_1_177' title='bbox 504 1855 587 1908; x_wconf 88' lang='lat' dir='ltr'><strong>his</strong></span> <span class='ocrx_word' id='word_1_178' title='bbox 608 1857 763 1918; x_wconf 82' lang='lat' dir='ltr'><strong>rebus</strong></span> <span class='ocrx_word' id='word_1_179' title='bbox 786 1857 978 1909; x_wconf 81' lang='lat' dir='ltr'><strong>vitium</strong></span> <span class='ocrx_word' id='word_1_180' title='bbox 1004 1857 1340 1911; x_wconf 84' lang='lat' dir='ltr'><strong>vehementer</strong></span> <span class='ocrx_word' id='word_1_181' title='bbox 1361 1858 1531 1912; x_wconf 87' lang='lat' dir='ltr'><strong>inesse</strong></span> 
     </span>
    </p>

    <p class='ocr_par' dir='ltr' id='par_1_12' title="bbox 185 1923 1428 1995">
     <span class='ocr_line' id='line_1_26' title="bbox 185 1923 1428 1995; baseline 0.002 -19"><span class='ocrx_word' id='word_1_182' title='bbox 185 1923 432 1991; x_wconf 83' lang='lat' dir='ltr'><strong>Effugere</strong></span> <span class='ocrx_word' id='word_1_183' title='bbox 455 1940 691 1992; x_wconf 88' lang='lat' dir='ltr'><strong>errorem,</strong></span> <span class='ocrx_word' id='word_1_184' title='bbox 715 1925 986 1994; x_wconf 70' lang='lat' dir='ltr'><strong>vitareque</strong></span> <span class='ocrx_word' id='word_1_185' title='bbox 1010 1931 1428 1995; x_wconf 82' lang='lat' dir='ltr'><strong>praemetuenter,</strong></span> 
     </span>
    </p>

    <p class='ocr_par' dir='ltr' id='par_1_13' title="bbox 186 1991 1358 2060">
     <span class='ocr_line' id='line_1_27' title="bbox 186 1991 1358 2060; baseline 0.003 -17"><span class='ocrx_word' id='word_1_186' title='bbox 186 1991 416 2044; x_wconf 75' lang='lat' dir='ltr'><strong>Lumina</strong></span> <span class='ocrx_word' id='word_1_187' title='bbox 436 2009 504 2044; x_wconf 91' lang='lat' dir='ltr'><strong>ne</strong></span> <span class='ocrx_word' id='word_1_188' title='bbox 525 1992 689 2045; x_wconf 76' lang='lat' dir='ltr'><strong>facias</strong></span> <span class='ocrx_word' id='word_1_189' title='bbox 712 1993 982 2046; x_wconf 83' lang='lat' dir='ltr'><strong>oculorum</strong></span> <span class='ocrx_word' id='word_1_190' title='bbox 1004 1995 1148 2047; x_wconf 79' lang='lat' dir='ltr'><strong>clara</strong></span> <span class='ocrx_word' id='word_1_191' title='bbox 1170 2000 1358 2060; x_wconf 70' lang='lat' dir='ltr'><strong>creata,</strong></span> 
     </span>
    </p>

    <p class='ocr_par' dir='ltr' id='par_1_14' title="bbox 187 2059 1454 2131">
     <span class='ocr_line' id='line_1_28' title="bbox 187 2059 1454 2131; baseline 0.003 -19"><span class='ocrx_word' id='word_1_192' title='bbox 187 2059 488 2128; x_wconf 84' lang='lat' dir='ltr'><strong>Prospieere</strong></span> <span class='ocrx_word' id='word_1_193' title='bbox 510 2066 572 2112; x_wconf 93' lang='lat' dir='ltr'><strong>ut</strong></span> <span class='ocrx_word' id='word_1_194' title='bbox 595 2061 876 2129; x_wconf 84' lang='lat' dir='ltr'><strong>possimus:</strong></span> <span class='ocrx_word' id='word_1_195' title='bbox 913 2068 982 2129; x_wconf 88' lang='lat' dir='ltr'><strong>et,</strong></span> <span class='ocrx_word' id='word_1_196' title='bbox 1006 2068 1071 2114; x_wconf 92' lang='lat' dir='ltr'><strong>ut</strong></span> <span class='ocrx_word' id='word_1_197' title='bbox 1094 2062 1322 2131; x_wconf 86' lang='lat' dir='ltr'><strong>proferre</strong></span> <span class='ocrx_word' id='word_1_198' title='bbox 1344 2062 1454 2116; x_wconf 78' lang='lat' dir='ltr'><strong>via&#39;i</strong></span> 
     </span>
    </p>

    <p class='ocr_par' dir='ltr' id='par_1_15' title="bbox 189 2128 1205 2197">
     <span class='ocr_line' id='line_1_29' title="bbox 189 2128 1205 2197; baseline 0.004 -18"><span class='ocrx_word' id='word_1_199' title='bbox 189 2128 435 2180; x_wconf 85' lang='lat' dir='ltr'><strong>Prooeros</strong></span> <span class='ocrx_word' id='word_1_200' title='bbox 457 2145 655 2197; x_wconf 74' lang='lat' dir='ltr'><strong>passus,</strong></span> <span class='ocrx_word' id='word_1_201' title='bbox 678 2129 796 2181; x_wconf 91' lang='lat' dir='ltr'><strong>ideo</strong></span> <span class='ocrx_word' id='word_1_202' title='bbox 817 2131 939 2182; x_wconf 72' lang='lat' dir='ltr'><strong>fast·</strong></span> <span class='ocrx_word' id='word_1_203' title='bbox 983 2131 995 2143; x_wconf 87' lang='lat'>&#39;</span> <span class='ocrx_word' id='word_1_204' title='bbox 1059 2148 1205 2197; x_wconf 83' lang='lat' dir='ltr'><strong>posse</strong></span> 
     </span>
    </p>

    <p class='ocr_par' dir='ltr' id='par_1_16' title="bbox 189 2196 1534 2267">
     <span class='ocr_line' id='line_1_30' title="bbox 189 2196 1534 2267; baseline 0.003 -19"><span class='ocrx_word' id='word_1_205' title='bbox 189 2196 440 2248; x_wconf 69' lang='lat' dir='ltr'><strong>Sui-arum</strong></span> <span class='ocrx_word' id='word_1_206' title='bbox 462 2213 526 2249; x_wconf 75' lang='lat' dir='ltr'><strong>ao</strong></span> <span class='ocrx_word' id='word_1_207' title='bbox 548 2196 804 2249; x_wconf 87' lang='lat' dir='ltr'><strong>feminum</strong></span> <span class='ocrx_word' id='word_1_208' title='bbox 827 2199 950 2265; x_wconf 90' lang='lat' dir='ltr'><strong>pedi</strong></span> <span class='ocrx_word' id='word_1_209' title='bbox 983 2215 1047 2250; x_wconf 88' lang='lat' dir='ltr'><strong>us</strong></span> <span class='ocrx_word' id='word_1_210' title='bbox 1069 2198 1296 2251; x_wconf 78' lang='lat' dir='ltr'><strong>fundata</strong></span> <span class='ocrx_word' id='word_1_211' title='bbox 1319 2197 1534 2267; x_wconf 76' lang='lat' dir='ltr'><strong>plicari3</strong></span> 
     </span>
    </p>

    <p class='ocr_par' dir='ltr' id='par_1_17' title="bbox 189 2264 1860 2471">
     <span class='ocr_line' id='line_1_31' title="bbox 189 2264 1860 2337; baseline 0.003 -20"><span class='ocrx_word' id='word_1_212' title='bbox 189 2264 415 2317; x_wconf 74' lang='lat' dir='ltr'><strong>Brachia</strong></span> <span class='ocrx_word' id='word_1_213' title='bbox 437 2271 553 2318; x_wconf 86' lang='lat' dir='ltr'><strong>tum</strong></span> <span class='ocrx_word' id='word_1_214' title='bbox 575 2282 726 2335; x_wconf 89' lang='lat' dir='ltr'><strong>porro</strong></span> <span class='ocrx_word' id='word_1_215' title='bbox 749 2266 938 2318; x_wconf 74' lang='lat' dir='ltr'><strong>validis</strong></span> <span class='ocrx_word' id='word_1_216' title='bbox 961 2284 1029 2319; x_wconf 87' lang='lat' dir='ltr'><strong>ex</strong></span> <span class='ocrx_word' id='word_1_217' title='bbox 1053 2273 1181 2337; x_wconf 79' lang='lat' dir='ltr'><strong>apta</strong></span> <span class='ocrx_word' id='word_1_218' title='bbox 1203 2267 1411 2320; x_wconf 76' lang='lat' dir='ltr'><strong>lacertis</strong></span> <span class='ocrx_word' id='word_1_219' title='bbox 1756 2268 1860 2322; x_wconf 84' lang='grc'><strong>830</strong></span> 
     </span>
     <span class='ocr_line' id='line_1_32' title="bbox 190 2333 1848 2403; baseline 0.003 -18"><span class='ocrx_word' id='word_1_220' title='bbox 190 2333 332 2399; x_wconf 78' lang='lat' dir='ltr'><strong>Esse,</strong></span> <span class='ocrx_word' id='word_1_221' title='bbox 356 2350 646 2402; x_wconf 77' lang='lat' dir='ltr'><strong>manusque</strong></span> <span class='ocrx_word' id='word_1_222' title='bbox 669 2333 835 2401; x_wconf 61' lang='lat' dir='ltr'><strong>dutus,</strong></span> <span class='ocrx_word' id='word_1_223' title='bbox 859 2341 1083 2403; x_wconf 81' lang='lat' dir='ltr'><strong>utraque</strong></span> <span class='ocrx_word' id='word_1_224' title='bbox 1106 2352 1139 2387; x_wconf 74' lang='lat' dir='ltr'><strong>a</strong></span> <span class='ocrx_word' id='word_1_225' title='bbox 1162 2340 1312 2403; x_wconf 78' lang='lat' dir='ltr'><strong>parte</strong></span> <span class='ocrx_word' id='word_1_226' title='bbox 1334 2335 1614 2403; x_wconf 70' lang='lat' dir='ltr'><strong>ministras,</strong></span> <span class='ocrx_word' id='word_1_227' title='bbox 1837 2373 1848 2377; x_wconf 95' lang='lat'><em>-</em></span> 
     </span>
     <span class='ocr_line' id='line_1_33' title="bbox 193 2401 1516 2471; baseline 0.002 -17"><span class='ocrx_word' id='word_1_228' title='bbox 193 2401 269 2453; x_wconf 88' lang='lat' dir='ltr'><strong>Ut</strong></span> <span class='ocrx_word' id='word_1_229' title='bbox 290 2402 463 2455; x_wconf 74' lang='lat' dir='ltr'><strong>faeere</strong></span> <span class='ocrx_word' id='word_1_230' title='bbox 485 2401 554 2454; x_wconf 77' lang='lat' dir='ltr'><strong>ad</strong></span> <span class='ocrx_word' id='word_1_231' title='bbox 577 2402 744 2455; x_wconf 80' lang='lat' dir='ltr'><strong>vitam</strong></span> <span class='ocrx_word' id='word_1_232' title='bbox 836 2419 1049 2470; x_wconf 65' lang='lat' dir='ltr'><strong>essemus,</strong></span> <span class='ocrx_word' id='word_1_233' title='bbox 1074 2419 1193 2471; x_wconf 83' lang='lat' dir='ltr'><strong>quse</strong></span> <span class='ocrx_word' id='word_1_234' title='bbox 1215 2404 1352 2456; x_wconf 83' lang='lat' dir='ltr'><strong>foret</strong></span> <span class='ocrx_word' id='word_1_235' title='bbox 1373 2420 1516 2456; x_wconf 88' lang='lat' dir='ltr'><strong>usus.</strong></span> 
     </span>
    </p>

    <p class='ocr_par' dir='ltr' id='par_1_18' title="bbox 193 2419 1727 2610">
     <span class='ocr_line' id='line_1_34' title="bbox 261 2419 1727 2543; baseline 0.003 -21"><span class='ocrx_word' id='word_1_236' title='bbox 261 2470 444 2523; x_wconf 79' lang='lat' dir='ltr'><strong>Cetera.</strong></span> <span class='ocrx_word' id='word_1_237' title='bbox 467 2471 531 2523; x_wconf 91' lang='lat' dir='ltr'><strong>de</strong></span> <span class='ocrx_word' id='word_1_238' title='bbox 554 2488 745 2539; x_wconf 80' lang='lat' dir='ltr'><strong>genere</strong></span> <span class='ocrx_word' id='word_1_239' title='bbox 767 2419 882 2538; x_wconf 57' lang='lat' dir='ltr'><strong>Ege,</strong></span> <span class='ocrx_word' id='word_1_240' title='bbox 905 2471 1046 2524; x_wconf 88' lang='lat' dir='ltr'><strong>inter</strong></span> <span class='ocrx_word' id='word_1_241' title='bbox 1069 2488 1412 2540; x_wconf 83' lang='lat' dir='ltr'><strong>quaecumque</strong></span> <span class='ocrx_word' id='word_1_242' title='bbox 1435 2472 1727 2543; x_wconf 60' lang='lat' dir='ltr'><strong>promum,</strong></span> 
     </span>
     <span class='ocr_line' id='line_1_35' title="bbox 193 2537 1381 2610; baseline 0.002 -19"><span class='ocrx_word' id='word_1_243' title='bbox 193 2537 383 2591; x_wconf 74' lang='lat' dir='ltr'><strong>Omnia</strong></span> <span class='ocrx_word' id='word_1_244' title='bbox 405 2555 644 2607; x_wconf 74' lang='lat' dir='ltr'><strong>perversa</strong></span> <span class='ocrx_word' id='word_1_245' title='bbox 667 2545 984 2610; x_wconf 64' lang='lat' dir='ltr'><strong>praepostera</strong></span> <span class='ocrx_word' id='word_1_246' title='bbox 1006 2546 1130 2593; x_wconf 87' lang='lat' dir='ltr'><strong>sunt</strong></span> <span class='ocrx_word' id='word_1_247' title='bbox 1152 2540 1381 2593; x_wconf 78' lang='lat' dir='ltr'><strong>ratione:</strong></span> 
     </span>
    </p>

    <p class='ocr_par' dir='ltr' id='par_1_19' title="bbox 192 2604 1657 2745">
     <span class='ocr_line' id='line_1_36' title="bbox 192 2604 1536 2677; baseline 0 -18"><span class='ocrx_word' id='word_1_248' title='bbox 192 2604 285 2659; x_wconf 77' lang='lat' dir='ltr'><strong>Nil</strong></span> <span class='ocrx_word' id='word_1_249' title='bbox 306 2607 425 2659; x_wconf 87' lang='lat' dir='ltr'><strong>ideo</strong></span> <span class='ocrx_word' id='word_1_250' title='bbox 447 2608 696 2676; x_wconf 77' lang='lat' dir='ltr'><strong>quoniam</strong></span> <span class='ocrx_word' id='word_1_251' title='bbox 718 2613 902 2660; x_wconf 80' lang='lat' dir='ltr'><strong>natum</strong></span> <span class='ocrx_word' id='word_1_252' title='bbox 929 2613 1009 2661; x_wconf 91' lang='lat' dir='ltr'><strong>est</strong></span> <span class='ocrx_word' id='word_1_253' title='bbox 1031 2609 1091 2661; x_wconf 90' lang='lat' dir='ltr'><strong>in</strong></span> <span class='ocrx_word' id='word_1_254' title='bbox 1115 2625 1342 2677; x_wconf 85' lang='lat' dir='ltr'><strong>corpore,</strong></span> <span class='ocrx_word' id='word_1_255' title='bbox 1365 2612 1429 2659; x_wconf 83' lang='lat' dir='ltr'><strong>ut</strong></span> <span class='ocrx_word' id='word_1_256' title='bbox 1451 2607 1536 2659; x_wconf 89' lang='lat' dir='ltr'><strong>uti</strong></span> 
     </span>
     <span class='ocr_line' id='line_1_37' title="bbox 197 2674 1657 2745; baseline 0.001 -17"><span class='ocrx_word' id='word_1_257' title='bbox 197 2674 499 2740; x_wconf 79' lang='lat' dir='ltr'><strong>Possemus3</strong></span> <span class='ocrx_word' id='word_1_258' title='bbox 534 2676 639 2743; x_wconf 85' lang='lat' dir='ltr'><strong>sed,</strong></span> <span class='ocrx_word' id='word_1_259' title='bbox 656 2676 796 2743; x_wconf 88' lang='lat' dir='ltr'><strong>quod</strong></span> <span class='ocrx_word' id='word_1_260' title='bbox 818 2681 1007 2729; x_wconf 77' lang='lat' dir='ltr'><strong>natum</strong></span> <span class='ocrx_word' id='word_1_261' title='bbox 1030 2683 1127 2743; x_wconf 76' lang='lat' dir='ltr'><strong>est,</strong></span> <span class='ocrx_word' id='word_1_262' title='bbox 1149 2676 1207 2728; x_wconf 88' lang='lat' dir='ltr'><strong>id</strong></span> <span class='ocrx_word' id='word_1_263' title='bbox 1229 2679 1466 2745; x_wconf 71' lang='lat' dir='ltr'><strong>prom-eat</strong></span> <span class='ocrx_word' id='word_1_264' title='bbox 1487 2691 1657 2730; x_wconf 79' lang='lat' dir='ltr'><strong>usum.</strong></span> 
     </span>
    </p>
   </div>
  </div>
 </body>
</html>
