2084 3000
717 183 933 236 LIBER
967 182 1254 237 PRIMUS.
1755 185 1823 236 33

137 285 313 340 Omne
337 287 550 355 quidem
573 303 695 340 vero
717 287 855 339 nihil
879 292 958 339 est
981 287 1122 355 quod
1145 286 1298 338 finiat
1322 290 1487 339 extra.
1689 288 1835 337 1000·

137 356 238 409 Est
261 357 430 423 igitur
452 362 647 408 natura
669 355 772 407 loci
796 356 1130 423 spatiumque
1154 355 1416 423 profundi,

141 423 299 487 Quod
321 441 494 492 neque
518 425 660 476 clara
685 442 774 477 suo
798 441 1097 492 percurrere
1120 425 1341 475 flumina
1364 440 1523 476 cursu

140 492 406 561 Perpetuo
431 493 631 561 possint
656 494 754 544 aevi
778 493 1010 544 labentia
1033 500 1238 554 tractu3

139 561 255 613 Nec
279 579 519 630 prorsum
541 561 726 628 facere,
749 567 814 612 ut
835 567 997 612 restet
1019 562 1196 612 minus
1219 562 1309 626 ire,
1332 561 1581 614 meando:

142 630 325 697 Usque
348 631 479 683 adeo
501 630 696 697 passim
719 635 868 697 patet
891 631 1077 696 ingens
1102 630 1252 696 copia
1273 628 1442 696 rebus,

142 697 370 750 Finibus
393 699 666 766 exemptis,
691 699 748 749 in
773 705 990 750 cunctas
1013 697 1247 764 undique
1271 705 1459 764 partes.

217 766 343 835 Ipsa
365 768 582 819 modum
604 784 755 834 porro
780 767 878 817 sibi
902 783 1078 817 rerum
1104 783 1308 817 summa
1330 783 1514 832 parare

142 835 228 887 Ne
252 838 430 903 possit,
455 844 647 888 natura
669 841 842 887 tenet:
879 835 1004 903 quia
1028 851 1215 902 corpus
1239 835 1399 899 inani,

145 903 234 968 Et,
263 906 402 970 quod
428 905 585 956 inane
609 910 787 955 autem
811 912 905 970 est,
929 903 1071 954 finiri
1096 920 1306 971 corpore
1330 903 1497 970 cogit:

146 973 225 1024 Ut
248 974 323 1024 sic
347 973 563 1025 alternis
585 972 796 1025 infinita
819 973 996 1024 omnia
1017 972 1219 1024 reddat.
1691 977 1824 1026 1010

145 1040 264 1094 Aut
288 1042 463 1108 etiam,
487 1042 801 1093 alterutrum
823 1041 926 1092 nisi
951 1042 1200 1092 terminet
1223 1041 1445 1093 alterum
1471 1058 1662 1109 eorum,

147 1109 400 1178 Simplice
422 1116 627 1176 natura,
652 1115 716 1160 ut
739 1115 921 1177 pateat
944 1115 1125 1160 tamen
1147 1109 1576 1164 immoderatum:

147 1178 202 1231 Ν
203 1196 262 1231 ec
284 1195 442 1244 mare,
465 1195 564 1230 nec
586 1178 761 1244 teum,
786 1195 883 1230 nec
901 1177 1019 1229 coeli
1042 1178 1221 1231 lucida
1244 1179 1456 1247 templa,

148 1247 263 1300 Nec
285 1247 505 1299 mortale
527 1263 708 1314 genus,
733 1263 831 1298 nec
854 1246 1039 1298 divum
1063 1263 1276 1315 corpora
1299 1254 1483 1302 sancta

149 1315 421 1383 Exiguum
446 1321 656 1384 possent
679 1315 828 1367 hora'i
855 1316 1035 1368 sistere
1059 1322 1282 1384 tempus.

151 1384 293 1437 Nam
318 1385 552 1453 dispulsa
575 1401 673 1436 suo
693 1384 759 1435 de
783 1390 936 1450 coetu,
959 1385 1204 1439 materiai

154 1452 316 1523 Copia
337 1453 563 1506 ferretur
583 1469 837 1521 magnum
858 1470 951 1522 per
974 1454 1132 1506 inane
1157 1453 1343 1522 soluta,

153 1520 275 1575 Sive
299 1522 428 1575 adeo
451 1522 628 1591 potius
649 1539 921 1591 nunquam
945 1529 1187 1575 concreta
1210 1529 1433 1577 creasset

154 1590 334 1644 Ullam
357 1607 486 1657 rem,
513 1591 761 1658 quoniam
785 1592 901 1659 cogi
925 1592 1145 1659 disjecta
1168 1593 1452 1659 nequisset.

225 1659 277 1711 N
277 1676 364 1711 am
388 1664 529 1711 certe
552 1675 723 1726 neque
748 1660 962 1712 consilio
985 1660 1271 1728 primordia
1292 1677 1469 1713 rerum
1694 1664 1830 1713 1020

157 1726 355 1781 Ordine
372 1745 433 1798 se
457 1745 550 1780 suo
576 1745 801 1796 quaeque
825 1730 1000 1796 sagaci
1023 1736 1201 1781 mente
1224 1729 1495 1792 locarunt;

154 1796 209 1849 N
208 1813 267 1849 ec
292 1813 421 1864 quos
445 1814 666 1865 quaeque
689 1798 875 1850 darent
899 1803 1072 1849 motus
1095 1798 1340 1866 pepigere
1363 1799 1624 1867 profecto:

156 1864 274 1931 Sed,
300 1866 426 1933 quia
448 1866 618 1918 multa
640 1866 809 1918 modis
832 1866 1014 1918 multis
1037 1874 1261 1935 mutata,
1285 1884 1379 1936 per
1402 1884 1554 1921 omne

156 1934 243 1987 Ex
265 1933 474 1986 infinito
498 1942 760 1987 vexantur
783 1935 984 2002 percita
1007 1936 1192 2003 plagis.

157 2002 326 2056 Omne
349 2020 514 2070 genus
536 2010 711 2056 motus
735 2010 788 2055 et
812 2009 974 2055 costus
999 2005 1323 2072 experiundo

158 2071 392 2124 Tandem
417 2072 706 2124 deveniunt
729 2073 787 2124 in
812 2072 944 2125 tales
970 2072 1328 2140 disposituras,

159 2138 415 2204 Qualibus
438 2139 550 2192 haec
572 2140 728 2193 rebus
751 2141 989 2192 consistit
1013 2158 1218 2193 summa
1241 2148 1443 2196 creata:

158 2208 231 2260 Et
252 2207 447 2260 multos
471 2210 631 2261 etiam
653 2227 870 2277 magnos
894 2217 1100 2261 servata
1123 2227 1215 2277 per
1238 2227 1415 2277 annos,

159 2276 236 2329 Ut
260 2276 419 2328 semel
440 2277 500 2330 in
521 2283 697 2330 motus
721 2280 957 2346 conjecta
981 2283 1062 2329 est
1086 2279 1468 2345 convenientes,

160 2344 350 2411 Efficit,
376 2351 440 2398 ut
463 2346 623 2413 largis
646 2347 863 2399 avidum
886 2363 1029 2398 mare
1052 2346 1285 2400 fluminis
1311 2348 1470 2401 undis
1697 2351 1832 2399 1030

161 2413 437 2481 Integrent
460 2432 653 2481 amnes,
680 2422 735 2467 et
758 2415 878 2467 solis
902 2421 1042 2467 terra
1067 2432 1258 2483 vapore

162 2481 295 2535 Feta
316 2489 474 2536 novet
498 2483 672 2549 foetus,
699 2501 903 2537 summa
927 2500 1133 2551 quoque
1156 2501 1286 2550 gens
1308 2485 1643 2536 animantum

162 2549 384 2616 Floreat,
409 2557 464 2604 et
487 2552 672 2613 vivant
694 2551 929 2604 labentes
954 2552 1164 2605 aetheris
1186 2553 1352 2618 ignes.
1417 2586 1427 2595 ν

164 2619 311 2683 Quod
331 2619 481 2673 nullo
504 2620 739 2674 facerent
761 2626 929 2687 pacto,
953 2621 1056 2672 nisi
1079 2620 1325 2675 materiai

162 2687 246 2743 Ex
266 2689 478 2742 infinito
501 2689 724 2750 suboriri
747 2689 898 2757 copia
919 2694 1112 2757 posset,

979 2770 1016 2807 υ
