2084 3000
190 188 259 239 54
798 185 856 238 Τ.
893 184 1227 237 LUGRE'PII

191 282 434 336 Materiae
458 286 608 335 tanto
630 282 689 334 in
777 282 897 350 lage
920 282 1178 349 turbaque
1201 281 1407 334 aliena?
1757 286 1863 334 550
1885 307 1893 314 ·

190 349 328 417 Non,
349 356 415 403 ut
439 351 636 432 opinor,
660 299 858 402 haqfent
879 351 1138 402 rationem
1160 349 1499 402 conciliandi:

194 417 312 484 Sed,
336 434 487 486 quasi
509 418 798 485 naufragiis
821 417 1027 485 magnis
1050 417 1334 484 multisque
1356 417 1561 484 coortis,

191 486 480 553 Disjectare
504 486 634 539 solet
655 501 909 554 magnum
931 503 1076 538 mare
1099 491 1343 552 transtra,
1367 485 1602 552 guberna
1614 495 1655 552 ⁸,

193 555 479 621 Antennas‚
503 569 724 622 proram,
747 555 925 621 malm,
949 560 1243 621 tonsasque,
1266 559 1525 621 natantes,

193 620 296 674 Per
318 626 577 675 terrarum
600 638 776 675 omnes
800 640 913 676 oras
936 622 1212 674 fluitantia
1228 621 1466 690 aplustra

193 688 270 742 'Ut
292 689 583 755 videantur,
608 697 662 744 et
685 691 940 745 indicium
962 688 1270 743 mortalibus
1293 690 1470 757 edant,

198 757 363 810 Infidi
384 759 544 812 maris
567 760 785 812 insidias
808 760 1045 826 viresque
1069 758 1350 826 dolumque

192 824 271 879 'Ut
293 827 460 881 vitare
481 828 663 894 velint,
687 844 820 880 neve
842 827 952 879 ullo
974 833 1207 893 tempore
1231 827 1461 893 credant,

195 893 424 948 Subdola
446 910 611 964 quum
633 897 772 949 ridet
793 894 989 963 placidi
1011 891 1236 962 pellacia
1257 895 1434 962 ponti:

195 961 282 1014 Sic
304 963 418 1029 tibi,
443 965 488 1015 si
509 964 663 1016 finita
686 963 843 1015 semel
867 963 1151 1030 primordia
1173 962 1415 1031 quaedam
1760 966 1867 1016 560

195 1030 506 1097 constitues,
531 1048 702 1084 sevum
725 1030 989 1083 debeth
1013 1048 1192 1099 sparsa
1213 1048 1307 1100 per
1330 1047 1536 1084 omnem

195 1096 484 1165 Disjectare
507 1104 666 1152 aestus
689 1098 882 1151 diversi
904 1099 1174 1152 materiai:

196 1164 481 1233 Nunquam
503 1167 562 1220 in
585 1166 865 1219 concilium
887 1173 950 1219 ut
973 1167 1176 1235 possint
1198 1166 1465 1234 compulsa
1486 1167 1637 1235 coire,

196 1232 308 1285 Nec
329 1235 574 1288 remorari
597 1235 654 1287 in
678 1236 910 1302 concilio,
934 1252 1031 1287 nec
1055 1252 1282 1288 crescere
1303 1235 1562 1288 adaucta:

199 1300 436 1362 Quorum
460 1309 741 1372 utrumque
763 1305 941 1373 palam
962 1303 1077 1356 fieri
1099 1304 1379 1356 manifesta
1401 1304 1553 1357 docet
1574 1321 1671 1370 res,

198 1369 271 1422 Et
292 1386 373 1422 res
396 1373 652 1452 progigni,
677 1378 732 1425 et
753 1373 959 1440 genitas
982 1386 1303 1440 procrescere
1325 1388 1499 1440 posse:

197 1438 325 1491 Esse
347 1439 512 1507 igltur
535 1458 723 1510 genere
745 1442 803 1493 in
861 1441 1011 1494 novis
1034 1440 1318 1522 primordia
1339 1457 1515 1493 rerum

199 1506 416 1562 Infinita
438 1508 614 1579 palam
636 1516 731 1579 est,
754 1529 830 1564 un
867 1528 896 1563 e
918 1527 1095 1562 omma
1118 1509 1537 1579 suppeditantur.

267 1577 378 1630 Nec
402 1595 642 1647 superare
666 1586 870 1647 queunt
891 1584 1065 1632 motus
1088 1578 1269 1646 itaque
1292 1578 1531 1631 exitiales

200 1644 474 1715 Perpetu0‚
496 1664 666 1717 neque
688 1649 746 1700 in
770 1655 1025 1701 aeternum
1049 1647 1266 1728 sepelire
1289 1646 1544 1710 salutem3
1766 1647 1870 1699 570

199 1713 252 1766 N
252 1731 310 1767 ec
332 1731 482 1783 porro
504 1733 677 1770 rerum
700 1716 955 1784 genitales
978 1716 1313 1784 auctificique

201 1781 384 1835 Motus
406 1789 659 1852 perpetuo
681 1790 898 1852 possunt
922 1799 1124 1836 servare
1147 1789 1336 1837 creata.

201 1850 287 1903 Sic
310 1868 356 1903 se
391 1867 459 1903 uo
481 1852 682 1918 geritur
704 1851 989 1903 certamine
1012 1852 1390 1920 principiorum

200 1918 285 1971 Ex
307 1869 517 1971 inffinito
539 1924 866 1972 contractum
889 1926 1122 1988 tempore
1144 1920 1371 1973 bellum:

190 1986 356 2040 Nunc
379 1987 481 2053 hic,
504 2003 646 2040 nunc
669 1988 780 2041 illic
804 1993 1055 2057 superant
1078 1989 1263 2041 vitalia
1284 2006 1474 2056 rerum,

202 2056 274 2107 Et
297 2061 610 2125 superantur
632 2056 789 2120 item3
822 2058 1074 2109 miscetur
1095 2058 1280 2109 funere
1303 2074 1477 2125 vagor,

204 2123 374 2185 Quem
397 2124 548 2193 pueri
571 2125 766 2178 tollunt
789 2127 1015 2179 visentes
1038 2126 1254 2177 luminis
1277 2143 1417 2178 oras:

201 2191 254 2244 N
254 2209 313 2245 ec
335 2209 442 2245 nox
464 2189 576 2245 ulla
600 2194 753 2262 diem,
777 2211 946 2262 neque
968 2200 1177 2246 noctem
1199 2210 1388 2246 aurora
1410 2198 1589 2248 secuta
1611 2199 1705 2258 est,

206 2260 331 2325 Quae
354 2278 461 2314 non
485 2262 708 2314 audierit
730 2263 925 2315 mixtos
948 2262 1214 2329 vagitibus
1240 2263 1392 2328 aegris

203 2329 459 2396 Ploratus‚
481 2330 664 2382 mortis
688 2331 902 2384 comites
925 2336 980 2384 et
1001 2330 1202 2383 funeris
1225 2330 1342 2382 atri.
1771 2332 1874 2381 580

275 2398 418 2449 Illud
441 2399 499 2450 in
522 2399 604 2450 his
628 2398 961 2467 obsignatum
984 2415 1191 2467 quoque
1213 2398 1367 2450 rebus
1390 2398 1582 2451 habere

205 2465 473 2531 Convenit,
497 2471 552 2519 et
574 2469 790 2520 memori
812 2468 1124 2520 mandatum
1145 2471 1323 2519 mente
1348 2473 1551 2519 tenere:

204 2532 294 2584 Nil
319 2551 441 2599 esse,
465 2535 522 2586 in
545 2541 792 2605 promptu
816 2551 1037 2603 quorum
1060 2538 1251 2584 natura
1274 2533 1498 2598 videtur,

207 2600 357 2664 Quod
379 2619 566 2670 genere
589 2619 656 2655 ex
679 2620 785 2655 uno
809 2602 1059 2653 consistat
1082 2600 1480 2667 principiorum:

800 2699 819 2720 ¹
843 2705 970 2733 curva
987 2693 1155 2740 carium
1184 2693 1277 2731 MS.
