2084 3000
207 169 245 219 6*
820 169 876 221 Τ.
912 168 1247 221 LUORE'HI

726 299 1049 371 Exemplum
1072 301 1359 372 reliqionis.

205 397 397 452 Aulide
420 415 521 467 quo
544 403 699 467 pacto
723 399 922 453 Triviai
947 400 1167 468 virginis
1190 418 1337 454 aram

201 467 536 536 Iphianassai
559 468 845 537 turparunt
870 470 1126 536 sanguine
1148 470 1287 522 foede

198 535 458 589 Ductores
481 537 726 589 Danaum
749 538 955 605 delecti,
979 538 1152 606 prima
1173 538 1418 592 virorum.

199 604 302 657 Oui
325 604 481 657 simul
504 605 691 673 infula,
716 607 977 676 virgineos
1000 607 1325 660 circumdata
1348 613 1602 676 comptus,

199 672 288 726 Ex
311 679 538 742 utraque
561 675 677 744 pari
700 677 961 729 malarum
983 682 1136 744 parte
1159 676 1375 746 profusa
1398 683 1492 742 est,

198 740 275 795 Et
296 748 544 795 moestum
567 740 725 797 simul
748 752 873 798 ante
897 762 1014 797 aras
1038 743 1247 798 adstare
1270 751 1543 814 parentem
1810 747 1876 797 90

196 809 390 879 Sensit,
415 817 469 865 et
492 812 635 865 hunc
694 820 872 882 ropter
892 814 1093 866 ferrum
1116 814 1285 866 celare
1308 813 1588 881 ministros,

199 879 532 949 Aspectuque
556 899 649 933 suo
659 831 929 949 lacrymas
955 880 1222 933 effundere
1246 882 1414 946 cives3

201 946 359 1001 Muta
379 954 526 1001 metu
550 954 758 1015 terram,
781 949 1001 1016 genibus
1026 949 1296 1017 submissa,
1320 950 1561 1019 petebat:

199 1015 312 1068 Nec
335 1017 537 1068 miserae
561 1017 802 1084 prodesse
824 1018 883 1069 in
905 1017 1004 1069 tali
1027 1023 1261 1087 tempore
1286 1019 1486 1086 quibat,

206 1083 358 1147 Quod
380 1085 553 1152 patrio
575 1086 816 1153 princeps
842 1085 1066 1138 donarat
1089 1087 1300 1139 nomine
1322 1104 1513 1155 regem.

200 1151 340 1204 Nam
364 1152 574 1206 sublata
598 1153 774 1205 virfim
797 1154 1038 1206 manibus
1065 1155 1512 1223 tremebundaque
1535 1156 1605 1208 ad
1628 1173 1744 1208 aras

196 1219 441 1273 Deducta
463 1227 574 1286 est;
606 1239 714 1274 non
738 1227 815 1288 ut,
841 1222 1059 1274 solemni
1080 1239 1222 1275 more
1246 1240 1510 1276 sacrorum

199 1288 456 1357 Perfecto,
480 1296 654 1359 posset
678 1290 817 1342 claro
842 1292 1082 1343 comitari
1107 1292 1427 1359 Hymenae03

198 1356 301 1410 Sed
325 1362 471 1410 casta
493 1358 707 1425 inceste,
732 1358 966 1411 nubendi
988 1366 1222 1429 tempore
1245 1361 1303 1412 in
1325 1362 1454 1429 ipsc,

199 1425 390 1480 Hostia
412 1427 709 1481 concideret
731 1433 970 1480 mactatu
993 1435 1179 1481 moesta
1201 1431 1451 1500 parentis,
1775 1433 1876 1482 100

197 1493 389 1550 Exitus
412 1503 476 1550 ut
500 1496 652 1551 classi
675 1497 806 1551 felix
828 1497 1139 1567 faustusque
1164 1500 1389 1553 daretur.

195 1563 428 1619 Tantum
450 1566 634 1635 religio
727 1568 834 1621 tuit
858 1568 1076 1621 suadere
1100 1568 1358 1620 malorum
1379 1572 1391 1624 ἔ

270 1633 516 1688 Tutemet
539 1653 572 1689 a
593 1653 662 1688 no
696 1637 748 1688 is
757 1638 874 1704 jam
897 1638 1079 1705 quovis
1102 1642 1349 1705 tempore,
1374 1643 1558 1690 vatum

197 1701 514 1771 Terriloquis
537 1704 709 1757 victus
732 1704 904 1770 dictis,
929 1704 1212 1756 desciscere
1236 1706 1469 1773 quaeres?

198 1768 405 1839 Quippe
428 1772 626 1823 etenim
649 1788 809 1839 quam
831 1771 1005 1823 multa
1027 1772 1130 1823 tibi
1145 1774 1260 1839 jam
1282 1771 1480 1839 fingere
1502 1790 1716 1841 possum

196 1837 423 1905 Somnia,
448 1854 567 1907 quoe
590 1839 715 1891 vitae
738 1839 968 1891 rationes
992 1844 1194 1892 vertere
1218 1842 1433 1907 possint,

193 1904 558 1976 Fortunaeque
580 1911 702 1960 tuas
723 1923 902 1960 omnes
926 1907 1140 1960 turbare
1163 1907 1363 1960 timore.

838 2020 1005 2074 mnis
1027 2021 1234 2075 doloris.

192 2113 266 2169 Et
287 2114 501 2168 merito:
537 2131 664 2167 nam
688 2114 732 2167 si
754 2118 954 2167 certam
976 2114 1138 2167 finem
1160 2132 1269 2167 esse
1294 2115 1535 2171 viderent

189 2182 570 2237 AErumnarum
592 2184 843 2250 homines,
868 2183 940 2236 ali
978 2201 1051 2236 ua
1072 2184 1276 2237 ratione
1300 2185 1538 2239 valerent

190 2250 554 2321 Religionibus
578 2258 736 2321 atque
758 2252 916 2305 minis
940 2270 971 2305 o
1006 2253 1187 2305 sistere
1210 2259 1420 2307 vatum:
1771 2259 1872 2308 110

193 2310 350 2374 Nunc
372 2320 508 2373 ratio
531 2321 682 2374 nulla
700 2326 784 2374 est
805 2322 1054 2390 restandi,
1078 2322 1228 2376 nulla
1249 2321 1491 2391 facultas,

189 2389 438 2443 AEternas
463 2391 711 2459 quoniam
734 2407 913 2459 poenas
935 2390 994 2442 in
1016 2397 1185 2444 morte
1210 2391 1519 2446 timendum.

881 2505 963 2560 De
985 2507 1187 2560 anim.

192 2595 477 2709 {5¹2um
500 2600 656 2667 enim,
681 2615 798 2668 quae
823 2598 892 2652 sit
914 2605 1109 2681 natura
1132 2600 1347 2682 animai,

358 2671 443 2733 nt,
468 2669 1106 2722 an‘contra-nascentibus
1129 2676 1442 2739 insinuetur,
