2084 3000
157 154 224 204 14
781 148 837 200 T.
874 145 1210 199 LUCRE'HI

156 248 260 302 Per
282 252 512 315 truncos,
535 263 597 299 ac
621 262 715 314 per
737 263 908 299 ramos
933 244 1252 297 diffunditur
1275 260 1481 296 omnes:

158 317 307 370 Inter
330 334 383 368 se
421 322 480 369 ta
501 321 683 368 meant
707 332 871 381 voces,
897 319 950 367 et
974 314 1154 366 clausa
1177 313 1449 365 domorum

156 387 387 438 Transvo
413 386 575 437 ‘tant:
612 383 845 450 rigidum
868 387 1144 450 permanat
1168 381 1335 448 frigus
1359 381 1428 432 ad
1452 396 1578 432 ossa.

158 454 323 521 Quod,
348 453 451 505 nisi
475 452 657 504 inania
682 452 804 517 sint,
828 468 934 519 qua
957 455 1168 518 possent
1194 465 1407 517 corpora
1430 464 1653 517 quaeque

159 522 416 587 Transire,
441 521 587 574 haud
611 520 724 572 ulla
745 519 859 571 fieri
881 519 1085 571 ratione
1109 518 1323 571 videres.

228 590 486 657 Denique,
508 606 604 642 cur
627 589 757 640 alias
781 588 899 641 aliis
922 594 1170 656 praestare
1193 587 1433 639 videmus

159 658 398 711 Pondere
421 676 502 711 res
525 657 696 725 rebus,
720 657 888 710 nihilo
911 659 1109 725 majore
1131 655 1336 723 figura?

158 727 313 794 Nam,
341 727 385 780 si
411 727 731 780 tantundem
756 733 835 779 est
860 726 919 777 in
942 726 1080 777 lanae
1103 725 1345 791 glomere,
1370 727 1630 791 quantum

161 796 398 876 Corporis
421 797 479 847 in
502 795 721 863 plumbo
746 800 839 861 est,
865 792 1183 845 tantundem
1206 792 1447 872 pendere⁸
1456 809 1553 860 par
1575 798 1683 854 est;

1733 656 1836 705 360

161 864 398 931 Corporls
421 862 652 915 officium
675 867 756 913 est
779 860 1028 928 quoniam
1052 876 1284 927 premere
1309 876 1484 912 omma
1507 860 1773 913 deorsum:

161 932 356 984 Contra
379 936 556 983 autem
580 935 774 980 natura
795 934 976 980 manet
1000 929 1113 980 sine
1135 927 1367 996 pondere
1389 928 1577 981 inanis.

161 999 319 1066 Erg0‚
343 998 483 1065 quod
505 1014 759 1063 magnum
785 1002 863 1048 est
888 1012 930 1047 ae
967 1012 1050 1061 ue,
1074 995 1345 1063 leviusque
1368 996 1595 1065 videtur,

160 1067 427 1121 Nimirum
450 1064 571 1133 plus
596 1082 705 1117 esse
729 1064 828 1116 sibi
852 1064 946 1116 dec
1061 1070 1086 1116 t
1110 1064 1309 1117 inanis:

161 1135 236 1187 At
259 1139 442 1186 contra
464 1133 678 1200 gravius
701 1132 822 1202 plus
844 1132 904 1184 in
928 1149 983 1185 se
1008 1132 1236 1202 corporis
1260 1149 1369 1184 esse

161 1202 400 1269 Dedicat,
424 1208 479 1254 et
501 1201 670 1253 multo
693 1218 919 1255 vacuum
941 1201 1117 1252 minus
1139 1199 1286 1253 intus
1309 1199 1514 1253 habere.

161 1271 259 1324 Est
280 1270 448 1338 igitur
470 1269 720 1322 nimirum
743 1270 814 1336 id,
840 1269 982 1337 quod
1003 1268 1209 1322 ratione
1231 1267 1407 1336 sagaci

163 1339 469 1408 Quaerimus,
493 1338 794 1392 admixtum
816 1337 986 1405 rebus,
1010 1336 1153 1405 quod
1175 1337 1333 1391 inane
1356 1352 1616 1389 vocamus.

706 1455 788 1511 De
807 1455 1039 1528 piscibu-3
1061 1456 1127 1511 in
1148 1473 1300 1528 aqua.

235 1541 396 1612 Illud,
418 1543 478 1596 in
499 1542 582 1596 his
605 1543 759 1596 rebus
781 1561 849 1597 ne
872 1550 928 1597 te
951 1543 1208 1597 deducere
1231 1559 1353 1596 vero

165 1609 353 1680 Possit,
376 1612 517 1680 quod
542 1612 759 1679 quidam
780 1612 1006 1680 fingunt,
1029 1627 1347 1681 praecurrere
1370 1627 1537 1677 cogor.

165 1678 356 1731 Cedere
380 1680 722 1748 squamigeris
745 1680 927 1732 latices
950 1681 1243 1733 nitentibus
1267 1681 1436 1746 ajunt,

165 1746 238 1798 Et
260 1746 490 1814 liquidas
513 1748 712 1815 aperire
735 1748 862 1815 vias,
888 1749 1016 1815 quia
1038 1753 1158 1816 post
1180 1748 1295 1799 loca
1317 1746 1484 1815 pisces

164 1814 450 1882 Linquant‚
475 1831 577 1883 quo
601 1815 801 1882 possint
824 1816 1066 1868 cedentes
1092 1815 1349 1867 confluere
1371 1815 1545 1868 undae.

163 1882 252 1935 Sic
275 1882 406 1935 alias
430 1900 636 1951 quoque
658 1900 740 1934 res
763 1883 903 1935 inter
926 1901 979 1936 se
1003 1901 1152 1952 posse
1173 1884 1386 1950 moveri,

166 1951 238 2003 Et
260 1957 466 2003 mutare
489 1950 677 2016 locum,
703 1952 942 2019 quamvis
966 1953 1074 2004 sint
1098 1952 1273 2004 omnia
1296 1951 1468 2022 plena.

166 2019 377 2071 Scilicet
399 2018 456 2071 id
479 2019 613 2072 falsa
636 2025 810 2072 totum
831 2021 1034 2073 ratione
1057 2027 1327 2089 receptum
1350 2026 1442 2074 est.

164 2087 306 2140 Nam
328 2104 432 2155 quo
457 2088 772 2156 squamigeri
794 2094 1041 2156 poterunt
1101 2090 1341 2142 rocedere
1363 2091 1594 2159 tandem,

166 2155 219 2208 N
219 2156 240 2208 i
263 2156 492 2224 spatium
515 2157 755 2210 dederint
777 2157 990 2211 latices?
1134 2159 1353 2211 ncedere
1376 2176 1528 2227 porro

168 2223 283 2290 Quo
306 2230 556 2305 poterunt
578 2225 751 2293 undae,
777 2244 939 2295 quum
962 2228 1129 2297 pisces
1153 2229 1230 2280 ire
1253 2227 1581 2296 nequibunt?

167 2292 280 2345 Aut
302 2293 468 2361 igitur
489 2299 639 2347 motu
662 2295 977 2363 privandum
1001 2303 1080 2349 est
1104 2314 1318 2366 corpora
1340 2313 1576 2365 quasque,

167 2361 280 2414 Aut
303 2378 414 2414 esse
437 2362 734 2416 admixtum
757 2364 1037 2417 dicendum
1061 2369 1141 2417 est
1163 2363 1316 2418 rebus
1340 2366 1512 2433 inane,

168 2429 321 2482 Unde
344 2431 539 2483 initum
597 2450 791 2484 nmum
814 2435 989 2501 capiat
1010 2451 1092 2486 res
1117 2450 1339 2503 quaeque
1362 2436 1619 2490 movendi.

209 2565 221 2576 ·
238 2496 520 2577 Postremo,
544 2448 648 2553 dim
672 2501 738 2553 de
762 2518 1013 2555 concursu
1038 2520 1254 2572 corpora
1275 2504 1387 2556 lata

167 2563 227 2617 Si
250 2570 357 2617 cita
380 2567 653 2635 dissiliant,
678 2586 866 2637 nempe
889 2573 980 2624 aer
1004 2588 1156 2623 omne
1180 2589 1387 2628 necesse
1409 2579 1505 2643 est,

171 2630 320 2686 Inter
343 2650 557 2705 corpora
582 2637 721 2705 quod
743 2637 852 2706 fiat,
877 2638 1110 2708 possidat
1132 2641 1304 2696 inane.

1731 1337 1838 1389 370

1734 2163 1836 2214 380

2039 408 2053 645 ...μμῲᾼμᾼᾼᾼ
