2084 3000
218 159 320 208 142
838 154 895 207 Τ.
931 153 1266 207 LUORETII

219 254 357 318 Quos
379 253 606 306 retinere
629 252 829 320 volunt,
854 252 1244 321 adscriptosque
1267 269 1377 305 esse
1400 254 1460 306 in
1480 270 1681 308 amore:

218 322 270 374 N
271 321 616 390 equidquam;
640 321 886 389 quoniam
909 326 972 373 tu
995 322 1172 373 animo
1195 327 1373 374 tamen
1398 323 1576 375 omnia
1598 341 1770 391 posses

219 390 526 443 Protrahere
549 390 608 440 in
629 389 815 455 lucem,
839 394 1000 457 atque
1023 406 1201 442 omnes
1224 390 1487 458 inquirere
1508 391 1657 445 risus.

219 459 304 526 Et,
330 459 374 510 si
397 457 533 509 bello
555 457 731 509 animo
755 462 848 524 est,
871 464 927 510 et
951 474 1059 509 non
1082 458 1259 510 odiosa
1281 458 1526 527 vicissim,

219 525 627 579 Praetermittere
650 530 705 578 te
727 525 973 580 humanis
997 526 1279 579 concedere
1301 526 1472 580 rebus.

289 595 400 647 Nec
422 593 612 645 mulier
635 610 838 662 semper
857 594 981 647 ficto
1006 595 1235 662 suspirat
1258 612 1448 662 amore,

222 662 351 727 Ques
375 662 648 731 complexa
670 663 771 714 viri
795 679 980 732 corpus
1005 679 1126 714 eum
1151 680 1362 731 corpore
1378 665 1576 743 jungit,

220 731 291 785 Et
314 736 460 784 tenet
483 731 704 784 assuetis
727 731 1037 784 humectans
1062 731 1238 783 oscula
1261 731 1434 785 labus.
1752 737 1898 787 1190

219 800 358 853 Nam
379 800 511 852 facit
534 817 602 852 ex
625 800 801 852 animo
823 816 992 868 saepe3
1026 804 1082 850 et
1106 799 1403 852 communia
1426 816 1661 868 quaerens

222 869 441 934 Gaudia,
466 867 715 920 sollicitat
738 885 761 919 s
830 868 968 919 tium
992 867 1265 919 decurrere
1288 869 1493 921 amoris.

220 936 331 989 Nec
353 937 553 988 ratione
577 937 683 989 alia
705 953 770 988 vo
792 952 955 1001 ucres,
980 940 1234 1001 armenta,
1258 935 1501 1004 feraeque,

220 1005 292 1057 Et
315 1004 539 1073 pecudes
562 1010 616 1056 et
639 1019 784 1071 equae
807 1003 1040 1055 maribus
1066 1003 1330 1056 subsidere
1355 1010 1578 1073 possent,

221 1073 279 1125 Si
301 1089 421 1139 non,
445 1072 560 1139 ipsa
581 1070 719 1137 quod
742 1071 953 1122 illorum
977 1071 1147 1137 subat,
1173 1073 1322 1124 ardet
1345 1072 1619 1126 abundans

223 1141 441 1202 Natura,
465 1145 520 1192 et
545 1139 799 1191 Venerem
824 1139 1107 1192 salientum
1129 1140 1253 1193 laeta
1274 1147 1579 1194 retractant.

291 1208 478 1260 Nonne
500 1207 660 1275 vides,
686 1207 917 1275 Memmi,
937 1225 1068 1276 quos
1090 1215 1279 1261 mutua
1303 1225 1440 1277 saepe
1463 1210 1586 1261 volu
1625 1215 1707 1262 tas

224 1276 429 1343 Vinxit,
452 1282 515 1329 ut
538 1277 596 1328 in
619 1275 806 1329 vinclis
829 1276 1194 1329 communibus
1217 1278 1585 1330 excrucientur

226 1346 292 1398 In
315 1344 487 1398 triviis
510 1362 676 1413 quum
699 1361 836 1413 saepe
858 1361 1027 1412 canes,
1052 1345 1316 1397 discedere
1339 1351 1569 1413 aventes,

223 1413 430 1468 Diversi
452 1414 640 1484 cupide
665 1413 877 1465 summis
901 1430 968 1465 ex
991 1412 1176 1465 viribu'
1201 1413 1444 1479 tendunt,
1757 1418 1898 1468 1200
2069 1392 2070 1463 l

227 1484 400 1549 Quum
424 1483 626 1536 interea
649 1481 838 1536 validis
863 1481 1079 1535 Veneris
1102 1482 1439 1552 compagibus
1462 1483 1701 1536 haerentl
2065 1509 2068 1566 1

226 1552 378 1617 Quod
400 1552 634 1605 facerent
658 1568 771 1603 nun
807 1568 947 1618 uam,
970 1550 1075 1602 nisi
1096 1557 1286 1604 mutua
1308 1552 1504 1619 gaudia
1525 1558 1753 1620 nossent,

227 1621 356 1685 Quae
373 1622 549 1689 jacere
571 1621 630 1673 in
652 1619 771 1672 frau
808 1637 892 1672 em
914 1624 1140 1689 possent,
1165 1620 1472 1688 vinctosque
1495 1626 1687 1674 tenere.

15 1722 25 1731 -
133 1759 144 1768 ⁶
228 1690 398 1754 Quare
422 1690 583 1741 etiam
606 1694 764 1757 atque
788 1689 963 1755 etiam,
980 1694 1046 1741 ut
1069 1688 1199 1755 dice,
1214 1694 1294 1740 est
1317 1688 1597 1741 communi’
1616 1688 1878 1758 voluptas.

297 1758 369 1809 Et
392 1756 770 1810 commiscendo
796 1772 959 1823 quum
983 1756 1180 1809 semine
1202 1757 1339 1809 forte
1361 1758 1511 1810 virile

228 1826 446 1878 Femina
467 1826 576 1877 vim
599 1823 797 1875 mulxit
820 1824 994 1876 subita
1016 1825 1086 1892 vi,
1111 1825 1495 1894 corripuitque3

228 1894 361 1946 Tum
385 1893 578 1944 similes
600 1897 832 1943 matrum
853 1898 1090 1946 materno
1115 1894 1310 1947 semine
1331 1894 1483 1959 fiunt,

228 1962 304 2014 Ut
326 1960 565 2030 patribus
587 1959 783 2027 patrio:
820 1959 910 2012 sed
934 1976 1062 2028 quos
1085 1963 1357 2030 utriusque
1378 1962 1561 2030 figurae

227 2030 353 2082 Esse
376 2028 521 2081 vides
537 2028 756 2096 juxtim,
780 2027 1056 2081 miscentes
1079 2030 1223 2082 volta
1246 2037 1541 2099 parentum,

230 2098 449 2167 Corpore
473 2096 537 2148 de
561 2095 731 2164 patrio
755 2101 809 2148 et
831 2103 1069 2150 materno
1094 2100 1350 2166 sanguine
1372 2105 1642 2165 crescunt;
1765 2104 1900 2155 1210

229 2166 441 2219 Semina
463 2181 627 2233 quum
643 2164 860 2217 Veneris
884 2166 1112 2218 stimulis
1136 2167 1313 2219 excita
1337 2185 1428 2236 per
1452 2174 1599 2220 artus

231 2235 399 2288 Obvia
420 2233 658 2287 conflixit
680 2234 982 2302 conspirans
1005 2239 1223 2288 mutuus
1247 2235 1416 2302 ardor,

230 2303 302 2357 Et
319 2319 485 2371 neque
506 2308 682 2354 utrum
702 2302 968 2370 superavit
986 2320 1178 2371 eorum,
1198 2320 1295 2356 nec
1312 2309 1617 2373 superatum
1631 2310 1725 2358 est.

300 2372 390 2424 Fit
414 2387 633 2440 quoque,
657 2375 721 2422 ut
744 2370 1010 2422 interdum
1034 2371 1228 2424 similes
1251 2372 1501 2425 exsistere
1524 2391 1740 2428 avorum

231 2440 454 2507 Possint,
478 2445 533 2490 et
554 2438 784 2490 referant
806 2454 1118 2506 proavorum
1141 2455 1276 2508 saepe
1297 2439 1508 2507 figuras,

231 2508 513 2575 Propterea
534 2507 659 2573 quia
680 2504 852 2556 multa
873 2507 1041 2557 modis
1065 2506 1349 2574 primordia
1369 2509 1553 2562 multis

232 2573 408 2626 Mixta
431 2589 524 2626 suo
547 2573 721 2624 celant
742 2572 801 2622 in
823 2587 1031 2639 corpore
1057 2589 1192 2640 saepe
1215 2580 1468 2642 parentes,

233 2640 361 2705 Quae
384 2639 620 2709 patribus
642 2643 817 2706 patres
841 2639 1062 2692 tradunt
1084 2657 1117 2692 a
1140 2641 1302 2709 stirpe
1326 2643 1574 2710 profecta.
