2084 3000
242 147 312 198 46
855 141 913 196 Τ.
950 140 1288 194 LUORETH

244 242 326 294 De
349 241 516 294 nihilo
540 241 786 321 quoniam
812 240 927 293 fieri
950 240 1029 292 nil
1090 255 1200 291 osse
1224 239 1477 292 videmus.

245 310 458 363 Pondus
482 325 623 361 emm
646 307 903 376 prohibet,
928 326 994 360 ne
1019 326 1056 376 p
1077 307 1189 375 agis
1214 307 1389 359 omnia
1411 307 1559 374 fiant,

245 378 482 431 Externa
506 376 656 445 quasi
680 377 759 428 vi:
797 376 887 428 scd
913 394 981 428 ne
1004 393 1153 429 mens
1176 376 1291 444 ipsa
1314 393 1582 429 necessum

248 446 570 499 Intestinum
592 444 784 496 habeat
809 445 1012 496 cunctis
1035 444 1093 496 in
1117 443 1270 496 rebus
1294 444 1540 512 agendis;
1832 449 1943 499 290

246 514 319 566 Et
343 514 551 566 devicta
575 513 725 580 quasi
749 518 967 579 cogatur
989 512 1126 565 ferre
1148 512 1392 581 patique:

251 582 315 635 Id
338 582 468 634 facit
493 582 749 649 exiguum
773 581 1035 634 clinamen
1061 581 1439 650 principiorum

248 650 360 703 Nec
382 651 592 718 regione
617 648 716 703 loci
742 657 898 716 certa,
924 667 1020 702 nec
1045 656 1277 718 tempore
1301 656 1456 704 certo.

318 717 429 772 Nec
454 720 649 788 stipata
671 719 840 787 magis
864 719 972 772 fuit
995 735 1232 786 unquam
1254 719 1495 772 materiai

251 788 426 857 Copia,
450 805 547 841 nec
570 805 721 857 porro
745 787 1029 856 majoribus
1054 786 1363 840 intervallis.

250 857 390 910 Nam
412 874 581 926 neque
605 856 909 924 adaugescit
934 855 1239 924 quidquam,
1262 872 1435 923 neque
1459 855 1664 925 deperit
1685 855 1828 912 inde.

252 927 594 995 Quapropter,
620 942 722 993 quo
746 942 888 977 nunc
912 925 970 976 in
993 931 1143 977 motu
1169 924 1549 993 principiorum

253 995 476 1062 Corpora
500 1000 639 1060 sunt,
664 994 722 1045 in
746 993 926 1045 eodem
950 999 1196 1046 anteacta
1219 998 1376 1045 aetate
1399 993 1561 1060 fuere,

252 1063 324 1115 Et
348 1063 564 1131 posthac
589 1079 790 1131 semper
814 1061 973 1114 simili
996 1061 1199 1114 ratione
1221 1062 1489 1126 ferentur;

252 1132 325 1184 Et
351 1148 465 1198 quae
492 1137 810 1185 consuerunt
833 1131 996 1199 gigni,
1020 1131 1308 1199 gignentur
1332 1130 1514 1183 eadem
1826 1135 1940 1185 300

254 1200 576 1265 Conditione,
601 1204 655 1252 et
679 1206 834 1252 erunt
859 1206 912 1252 et
937 1204 1170 1252 crescent
1193 1199 1351 1267 inque
1376 1199 1642 1267 valebunt,
2055 1220 2056 1255 ι

256 1268 524 1333 Quantum
547 1268 734 1336 cuique
758 1269 944 1322 datum
968 1274 1048 1320 est
1072 1285 1165 1337 per
1187 1269 1385 1321 foedera
1406 1272 1636 1322 naturai.

254 1338 366 1391 Nec
388 1355 564 1390 rerum
589 1354 846 1390 summam
871 1344 1190 1389 commutare
1214 1337 1327 1389 ulla
1350 1343 1522 1405 potest
1545 1337 1641 1391 vis.

255 1406 410 1472 Nam,
434 1424 602 1476 neque
628 1423 732 1473 quo
757 1407 919 1474 possit
944 1422 1110 1473 genus
1134 1406 1305 1458 ullum
1328 1406 1574 1459 materiai

255 1475 501 1544 Effugere
525 1493 592 1529 ex
615 1475 774 1543 omni,
799 1475 1089 1545 quidquam
1112 1480 1208 1543 est,
1231 1492 1401 1544 neque
1423 1492 1617 1541 rursus,
1641 1475 1701 1528 in
1724 1492 1879 1528 omne

256 1545 410 1597 Unde
435 1551 610 1598 coorta
634 1552 792 1614 queat
816 1562 952 1598 nova
976 1544 1055 1596 vis
1078 1545 1380 1612 irrumpere,
1406 1550 1460 1598 et
1484 1561 1692 1598 omnem

255 1613 516 1667 Naturam
539 1632 713 1667 rerum
738 1621 943 1667 mutare
967 1619 1021 1665 et
1046 1619 1248 1667 vertere
1271 1620 1460 1667 motus.

328 1682 471 1734 Illud
495 1683 551 1734 in
574 1684 657 1735 his
681 1682 834 1735 rebus
859 1701 965 1736 non
990 1687 1071 1737 est
1092 1681 1347 1745 mirabile,
1372 1700 1548 1751 quare,

259 1750 449 1803 Omnia
476 1768 639 1818 quum
663 1768 840 1805 rerum
863 1754 1149 1822 primordia
1173 1753 1279 1805 sint
1303 1753 1362 1804 in
1383 1758 1547 1818 motu,

258 1818 473 1871 Summa
497 1826 674 1873 tamen
701 1839 903 1886 summa
928 1820 1171 1875 videatur
1196 1828 1333 1874 stare
1358 1820 1551 1888 quiete,
1827 1822 1934 1870 310

258 1886 617 1955 Praeterquam
642 1889 686 1942 si
709 1888 837 1958 quid
861 1890 1070 1958 proprio
1094 1891 1188 1943 dat
1211 1907 1421 1959 corpore
1443 1896 1632 1942 motus.

260 1955 441 2008 Omnis
465 1958 607 2010 enim
630 1958 784 2025 longe
807 1960 997 2011 nostris
1020 1959 1088 2012 ab
1113 1959 1345 2011 sensibus
1368 1959 1510 2010 infra

258 2023 552 2079 Primorum
573 2033 765 2080 natura
780 2029 951 2095 jacet:
988 2037 1316 2096 quapropter,
1341 2027 1432 2080 ubi
1454 2027 1626 2095 ipsam

259 2093 478 2148 Cernere
493 2097 608 2164 jam
631 2113 874 2164 nequeas,
897 2103 1071 2150 motus
1095 2113 1301 2165 quoque
1325 2113 1534 2165 surpere
1557 2094 1776 2148 debent:

259 2163 557 2216 Praesertim
580 2181 757 2233 quum,
783 2183 898 2234 quse
923 2166 1179 2234 possimus
1204 2182 1426 2230 cernere,
1451 2164 1622 2216 celent

256 2232 408 2302 Saepe
430 2239 607 2286 tamen
629 2241 819 2303 motus,
844 2235 1013 2304 spatio
1037 2232 1257 2287 diducta
1278 2233 1523 2287 locorum.

257 2300 311 2353 N
311 2319 398 2354 am
421 2319 557 2371 soepe
579 2303 637 2355 in
661 2303 782 2356 colli
806 2304 1083 2356 tondentes
1107 2302 1302 2372 pabula
1324 2303 1451 2354 lseta

258 2369 529 2438 Lanigerse
550 2377 764 2439 reptant
787 2373 1025 2441 pecudes,
1053 2389 1157 2439 quo
1181 2387 1445 2438 quamque
1468 2374 1714 2423 vocantes

261 2439 503 2492 Invitant
525 2440 698 2492 herbae
722 2447 1047 2509 gemmantes
1070 2457 1184 2492 rore
1207 2439 1434 2500 recenti;

259 2505 331 2558 Et
356 2507 533 2559 satiati
557 2509 682 2576 agni
706 2510 913 2574 ludunt,
930 2507 1226 2574 blandeque
1250 2511 1550 2558 coruscant:
1829 2509 1932 2558 320

261 2573 451 2627 Omnia
474 2592 591 2642 quae
615 2574 762 2628 nobis
786 2576 941 2641 longe
965 2575 1181 2625 confusa
1204 2574 1464 2638 videntur,

260 2639 332 2692 Et
355 2642 520 2695 veluti
542 2644 602 2695 in
624 2643 781 2697 viridi
805 2642 999 2694 candor
1022 2641 1301 2692 consistere
1324 2640 1459 2692 colli.
