2084 3000
204 169 310 220 222
834 165 891 218 T.
927 162 1264 218 LUGRE'HI

273 267 461 321 Nonne
484 267 629 320 vides
652 267 829 333 etiam,
852 265 970 318 coeli
994 266 1230 318 novitate
1253 269 1309 317 et
1331 281 1594 333 aquarum

207 334 437 401 Tentari,
462 334 645 404 procul
666 352 701 387 a
723 334 897 404 patria
921 334 1242 401 quicumque
1265 333 1524 400 domoque

205 402 548 456 Adveniunt'l
584 403 702 455 ideo
726 403 850 483 quia
872 402 1027 468 longe
1052 401 1396 468 discrepitant
1418 419 1516 454 res.

210 471 351 525 Nam
373 472 502 539 quid
524 471 795 523 Britannis
818 469 1009 522 coelum
1032 468 1240 521 differre
1264 476 1533 537 putamus,

207 538 279 591 Et
335 539 440 591 uod
462 539 521 591 in
543 538 774 606 AEgypto
798 543 893 604 est,
918 554 1024 604 qua
1046 537 1234 589 mundi
1258 537 1523 589 claudicat
1546 538 1700 590 axis?

210 556 429 673 Quidve,
487 606 592 658 uod
614 606 673 658 in
696 606 865 658 Ponto
889 612 982 672 est,
1008 605 1230 671 differre,
1254 611 1310 657 et
1334 605 1582 672 Gadibus,
1607 613 1769 673 atque

209 675 386 743 Usque
500 674 654 743 nigra
674 673 850 727 virum
873 679 1114 741 percocto
1138 672 1291 725 saecla
1314 672 1501 727 calore.

211 743 340 808 Quae
364 760 527 811 quum
549 749 776 811 quatuor
797 742 937 794 inter
961 758 1014 793 se
1039 742 1245 793 diversa
1267 740 1524 809 videmuS,

212 812 449 874 Quatuor
470 828 503 863 a
526 811 698 864 ventis
720 816 774 863 et
798 809 916 863 coeli
939 808 1177 878 partibus
1201 826 1326 875 esse,
1744 813 1883 862 1110

210 880 345 931 Tum
368 880 506 933 color
529 885 584 932 et
605 880 764 932 facies
788 878 1066 930 hominum
1088 877 1283 930 distare
1306 877 1556 931 videntur

211 947 465 1015 Largiter,
488 954 542 1000 et
565 947 732 1000 morbi
754 946 1046 1015 generatim
1069 945 1222 998 saecla
1244 952 1435 1000 tenere.

281 1016 378 1068 Est
400 1016 608 1085 elephas
630 1014 854 1081 morbus,
881 1015 973 1081 qui
994 1020 1207 1082 propter
1228 1014 1450 1067 flumina
1471 1014 1525 1067 N
1525 1014 1585 1066 ili

214 1083 461 1151 Gignitur
483 1084 713 1151 AEgypto
735 1083 794 1135 in
815 1082 1003 1149 media,
1028 1099 1200 1149 neque
1223 1088 1472 1150 praeterea
1494 1100 1731 1150 usquam.

280 1152 502 1204 Atthide
526 1157 801 1203 tentantur
823 1167 1045 1218 gressus,
1068 1151 1307 1218 oculique
1330 1150 1389 1202 in
1409 1151 1619 1204 Achaeis

214 1219 464 1273 Finibus:
499 1219 623 1272 inde
645 1219 764 1272 aliis
789 1219 922 1272 alius
945 1219 1091 1272 locus
1115 1224 1196 1272 est
1217 1219 1463 1272 inimicus

215 1287 457 1342 Partibus
479 1305 542 1341 ac
563 1288 840 1340 membris:
876 1288 1051 1340 varius
1075 1289 1355 1340 concinnat
1378 1288 1435 1340 id
1458 1289 1568 1341 aer.

290 1356 519 1410 Proinde
542 1356 633 1410 ubi
655 1373 712 1409 se
735 1356 939 1420 coelum,
965 1355 1104 1423 quod
1127 1355 1275 1408 nobis
1297 1356 1435 1409 forte
1458 1357 1705 1424 alienum,

217 1425 533 1492 commovet,
557 1431 714 1493 atque
738 1426 830 1478 aet
851 1424 1095 1477 inimicus
1120 1441 1320 1492 serpere
1344 1426 1529 1493 coepit3

215 1494 292 1548 Ut
313 1494 505 1548 nebula
527 1511 589 1548 ac
611 1492 776 1546 nubes
798 1493 1058 1562 paulatim
1080 1493 1234 1562 repit,
1259 1498 1313 1546 et
1338 1512 1505 1561 omne,
1751 1497 1889 1547 1120

217 1563 340 1624 Qua
361 1563 617 1632 graditur,
640 1561 933 1629 conturbat,
958 1567 1013 1614 et
1035 1563 1316 1615 immutare
1339 1568 1559 1616 coactat.

215 1631 305 1685 Fit
329 1648 551 1699 quoque,
573 1635 636 1683 ut
658 1631 715 1682 in
738 1636 974 1683 nostrum
997 1646 1165 1696 quum
1188 1631 1335 1683 venit
1359 1631 1583 1699 denique
1608 1631 1812 1699 coelum,

216 1700 536 1768 Corrumpat,
559 1699 850 1767 reddatque
874 1698 956 1750 sui
980 1698 1150 1751 simile
1174 1704 1334 1766 atque
1356 1700 1603 1752 alienum.

287 1768 418 1820 Haec
441 1768 607 1836 igitur
629 1767 802 1820 subito
826 1767 997 1820 clades
1021 1784 1172 1834 nova,
1196 1767 1574 1835 pestilitasque,

216 1836 329 1888 Aut
348 1836 409 1887 in
430 1853 595 1903 aquas
618 1835 775 1903 cadit,
800 1840 895 1888 aut
917 1835 1095 1904 fruges
1119 1836 1338 1904 persidit
1360 1836 1419 1887 in
1441 1837 1594 1904 ipsas,

215 1904 329 1956 Aut
351 1903 479 1956 alios
502 1904 775 1957 hominum
798 1909 978 1971 pastus
1002 1905 1365 1972 pecudumque
1389 1904 1592 1957 cibatus
1611 1922 1625 1968 ;

215 1972 328 2025 Aut
352 1971 512 2024 etiam
535 1988 782 2039 suspensa
804 1978 981 2024 manet
1005 1972 1085 2024 vis
1108 1974 1228 2026 aere
1252 1973 1309 2024 in
1331 1972 1473 2040 ipso;

216 2039 303 2105 Et,
328 2055 490 2107 quum
514 2039 769 2107 spirantes
791 2039 986 2092 mixtas
1009 2040 1137 2093 hinc
1160 2040 1397 2093 ducimus
1421 2058 1587 2108 auras,

219 2108 322 2161 Illa
343 2123 549 2187 quoque
571 2107 630 2159 in
652 2123 837 2175 corpus
860 2108 1059 2175 pariter
1082 2108 1283 2162 sorbere
1304 2126 1509 2162 necesse
1533 2116 1626 2163 est.

219 2175 489 2229 Oonsimih
509 2176 712 2228 ratione
735 2176 882 2228 venit
903 2176 1074 2228 bubus
1099 2193 1305 2245 quoque
1329 2194 1464 2246 saepe
1752 2181 1891 2232 1130

218 2244 502 2311 Pestilitas,
527 2244 687 2297 etiam
709 2244 873 2311 pigris
896 2244 1199 2298 balantibus
1223 2261 1401 2313 aegros.

217 2311 330 2365 Nec
351 2312 525 2378 refert,
549 2317 729 2364 utrum
751 2329 845 2363 nos
868 2313 925 2364 in
948 2313 1063 2365 loca
1085 2312 1421 2366 deveniamus

217 2379 381 2432 Nobis
404 2379 634 2445 adversa,
658 2385 713 2432 et
737 2379 855 2431 coeli
876 2389 1140 2433 mutemus
1164 2382 1449 2435 amictum:

217 2447 306 2499 An
329 2447 518 2499 coelum
539 2446 687 2500 nobis
710 2446 850 2499 ultro
873 2453 1066 2500 natura
1090 2456 1365 2516 coruptum

218 2514 449 2580 Deferat,
473 2521 568 2566 aut
592 2514 807 2580 aliquid,
831 2532 933 2581 quo
955 2532 1063 2567 non
1087 2518 1448 2571 consuevimus
1472 2520 1569 2587 uti,

221 2581 370 2645 Quod
392 2596 487 2634 nos
509 2581 743 2636 adventu
764 2582 925 2650 possit
949 2589 1157 2638 tentare
1178 2587 1391 2640 recenti.
