2084 3000
193 210 297 263 166
801 211 860 264 T.
897 210 1235 263 LUGRETII

196 310 492 380 Imparibus
516 328 728 364 currens
751 311 1077 364 anfractibus
1103 310 1311 363 aetheris
1335 328 1451 363 oras

197 381 387 447 Pamin,
411 386 466 433 et
490 381 546 432 in
569 385 745 449 partes
768 396 874 431 non
900 397 1075 448 aequas
1100 379 1292 431 dividit
1316 380 1523 444 orbem3

198 449 281 512 Et,
308 449 447 517 quod
471 448 538 501 ab
561 449 820 501 alterutra
844 449 1079 500 detraxit
1101 454 1265 516 parte,
1289 449 1498 515 reponit

200 518 327 585 Ejus
351 518 409 568 in
431 516 649 570 adversa
672 521 822 569 tanto
846 517 965 584 plus
989 524 1140 584 parte
1163 517 1358 569 relatus
1378 535 1392 579 ;

201 586 378 638 Donec
401 585 470 638 ad
493 586 549 637 id
574 585 782 652 signum
805 585 922 637 coeli
945 586 1201 653 pervenit,
1224 584 1317 636 ubi
1341 585 1471 636 anni

203 655 381 706 Nodus
403 659 688 706 nocturnas
712 660 956 722 exaequat
979 653 1186 705 lucibus
1209 653 1449 705 umbras:

204 723 339 774 Nam
361 723 533 775 medio
557 740 711 776 cursu
735 722 893 775 flatus
918 721 1191 790 Aquilonis
1216 728 1269 774 et
1294 721 1475 774 Austri

205 791 436 845 Distinet
459 797 665 860 aequato
690 792 878 844 coelum
903 790 1202 843 discrimine
1225 797 1408 857 metas,

208 860 430 929 Propter
453 859 689 928 signiferi
712 861 999 929 posituram
1025 859 1190 910 totius
1214 859 1366 923 orbis,
1772 864 1882 912 690

206 929 324 980 Ann
333 946 399 981 aa
422 929 497 981 sol
520 930 578 980 in
603 945 704 997 quo
727 928 1007 981 contundit
1030 933 1267 995 tempora
1290 944 1514 996 serpens,

208 996 433 1065 Obliquo
455 1002 621 1049 terras
644 1002 698 1049 et
721 997 910 1049 coelum
932 996 1134 1048 lumine
1157 996 1416 1060 lustrans3

208 1065 280 1117 Ut
304 1065 438 1117 ratio
463 1064 694 1117 declarat
718 1080 911 1132 eorum,
936 1065 1027 1132 qui
1051 1065 1167 1117 loca
1189 1065 1309 1117 coeli

210 1133 400 1186 Omnia
423 1132 685 1201 dispositis
710 1133 872 1199 signis
895 1139 1079 1185 ornata
1102 1138 1381 1187 notarunt:

210 1202 335 1268 Aut,
360 1201 486 1268 quia
508 1201 724 1253 crassior
747 1207 827 1254 est
849 1202 1004 1254 certis
1027 1203 1085 1254 in
1110 1203 1347 1272 partibus
1371 1203 1478 1268 afir,

211 1269 317 1321 Sub
341 1269 493 1323 terris
515 1270 633 1323 ideo
655 1270 942 1323 tremulum
957 1272 1118 1339 jubar
1141 1271 1353 1324 haesitat
1376 1270 1503 1338 igni,

212 1338 318 1390 Nee
340 1344 612 1407 penetrare
635 1345 808 1410 potest
829 1340 984 1392 facile
1008 1346 1168 1407 atque
1191 1357 1451 1407 emergere
1474 1339 1539 1392 ad
1568 1345 1742 1404 ortus;

214 1407 492 1476 Propterea
513 1414 691 1461 noctes
714 1408 931 1461 hiberno
954 1414 1187 1476 tempore
1210 1409 1381 1476 longae

217 1476 446 1545 Cessant‚
465 1477 592 1530 dum
615 1478 793 1532 veniat
817 1478 1082 1530 radiatum
1106 1478 1311 1546 insigne
1336 1478 1468 1531 diei:

276 1546 389 1598 Aut
411 1548 587 1613 etiam,
611 1548 737 1615 quia
760 1548 832 1601 sic
856 1546 1074 1600 alternis
1098 1548 1335 1616 partibus
1358 1548 1486 1599 anni
1775 1550 1883 1601 700

213 1614 430 1667 Tardius
453 1621 508 1668 et
531 1616 689 1669 citius
713 1621 1030 1669 consuerunt
1055 1616 1314 1668 confluere
1333 1617 1500 1684 ignes,

213 1684 314 1748 Qui
337 1684 542 1738 faciunt
565 1684 726 1738 solem
747 1692 890 1739 certa.
913 1685 1188 1753 desurgere
1210 1690 1374 1754 parte.

806 1802 886 1856 De
909 1801 1110 1856 lumine
1132 1802 1286 1856 anoe.

279 1884 431 1937 Luna.
452 1891 626 1954 potest
651 1887 772 1939 solis
795 1888 957 1939 radiis
981 1904 1227 1955 percussa
1249 1889 1433 1957 nitere,

216 1952 383 2019 inque
406 1953 515 2005 dies
537 1956 707 2022 majus
732 1956 912 2007 lumen
935 1963 1236 2010 convertere
1258 1958 1407 2010 nobis

210 2021 292 2072 Ad
317 2022 553 2088 speciem,
579 2029 838 2090 quantum
861 2024 981 2076 solis
1006 2026 1201 2079 secedit
1224 2026 1291 2079 ab
1315 2027 1451 2095 orbe,

208 2090 386 2141 Donec
409 2105 531 2142 eum
554 2097 736 2144 eontra
758 2091 913 2161 pleno
936 2092 1070 2147 bene
1093 2095 1293 2148 lumine
1315 2096 1484 2162 fulsit,

209 2157 385 2225 Atque
409 2158 578 2211 oriens
602 2159 776 2212 obitus
799 2163 912 2229 ejus
937 2179 1093 2231 super
1117 2164 1260 2217 edita
1284 2165 1447 2217 vidit:

210 2227 342 2278 Inde
363 2227 670 2289 minutatim
692 2236 832 2283 retro
856 2233 1005 2299 quasi
1030 2232 1252 2285 condere
1276 2233 1455 2286 lumen

208 2295 378 2348 Debet
400 2296 543 2364 item,
570 2305 767 2366 quanto
791 2301 1004 2368 propius
1021 2304 1137 2369 jam
1162 2301 1283 2354 solis
1306 2303 1374 2354 ad
1399 2304 1577 2370 ignem

208 2364 430 2417 Labitur
452 2383 519 2418 ex
543 2366 650 2420 alia
672 2369 940 2435 signorum
964 2377 1116 2437 parte
1139 2387 1233 2440 per
1256 2371 1458 2423 orbem:
1778 2372 1886 2425 710

208 2433 283 2483 Ut
306 2434 527 2501 faciunt,
552 2435 733 2489 lunam
758 2437 849 2505 qui
872 2436 1086 2503 fingunt
1109 2455 1217 2490 esse
1241 2439 1373 2506 pilai

207 2500 555 2569 consimilem,
580 2520 759 2556 cursus
796 2521 862 2555 ue
886 2505 1025 2556 viam
1053 2505 1149 2557 sub
1174 2506 1279 2559 sole
1302 2513 1508 2561 tenere:

206 2565 488 2634 Propterea
510 2571 588 2637 fit,
612 2572 695 2623 uti
718 2572 770 2624 vi
809 2577 998 2624 eantur
1022 2573 1194 2625 dicere
1217 2591 1413 2627 verum.

276 2635 373 2686 Est
396 2637 559 2690 etiam
584 2655 743 2705 quare
766 2640 975 2708 proprio
999 2657 1121 2692 cum
1146 2641 1344 2693 lumine
1367 2644 1531 2710 possit

205 2698 432 2768 Volvier,
455 2710 510 2757 et
534 2707 705 2759 varias
728 2707 1017 2775 splendoris
1040 2709 1257 2761 reddere
1280 2710 1486 2763 formas.
