2084 3000
16 2715 19 2790 J

749 199 965 253 LIBER
1002 194 1348 260 QUARTUS.
1788 201 1883 250 121

200 311 285 365 Ab
309 310 497 379 dubiis,
522 309 729 363 animus
757 325 884 375 quas
909 308 976 361 ab
1000 326 1055 361 se
1080 308 1317 377 protinus
1342 308 1504 362 abdit.

269 380 525 449 Denique,
550 379 628 432 nil
654 380 773 431 sciri
799 379 842 430 si
868 379 983 445 quis
1007 383 1179 445 putat,
1204 378 1260 430 id
1284 394 1490 448 quoque
1514 377 1697 446 nescit,
1782 378 1887 432 470

198 449 287 502 An
312 449 434 501 sciri
458 448 636 516 possit,
662 447 755 516 qui
779 465 833 499 se
857 447 935 499 nil
960 447 1091 499 scire
1114 447 1342 500 fatetur:

199 516 362 571 Hunc
385 518 552 585 igitur
575 523 758 569 contra
779 516 991 568 mittam
1015 515 1327 568 contendere
1351 532 1576 584 causam,

199 586 304 650 Qui
329 587 503 655 eapite
527 586 639 653 ipse
664 602 756 637 suo
780 585 837 636 in
862 585 1054 637 statuit
1078 585 1301 652 vestigia
1321 600 1445 638 sese.
1847 644 1856 657 ι

193 655 269 708 Et
292 661 472 708 tamen
496 654 594 706 hoc
618 670 825 723 quoque
848 653 930 705 uti
964 653 1261 720 concedam,
1286 654 1445 718 scire;
1481 660 1538 707 at
1562 654 1617 706 id
1641 654 1817 724 ipsum

196 723 456 791 Quaeram,
482 740 645 790 quum
667 724 726 775 in
749 723 905 774 rebus
929 722 1040 774 veri
1066 721 1145 773 nil
1168 722 1361 775 viderit
1384 728 1525 791 ante,

195 791 352 846 Unde
375 792 522 860 sciat,
547 791 674 860 quid
700 792 772 844 sit
795 790 942 859 scire,
970 795 1026 843 et
1050 790 1250 844 nescire
1273 790 1536 845 vicissim?

541 909 623 964 De
648 927 766 964 vero
789 927 942 963 mesu
964 926 1127 981 quare
1150 919 1536 981 cognoscantur.

190 1003 454 1059 Notitiam
477 1006 588 1060 veri
612 1023 728 1075 quae
752 1023 834 1059 res
856 1006 1082 1075 falsique
1106 1007 1327 1071 crearit;

191 1072 266 1127 Et
288 1074 512 1128 dubium
535 1081 677 1129 certo
701 1093 820 1145 quoe
843 1090 925 1128 res
949 1075 1157 1130 differre
1180 1076 1448 1145 probarit?

263 1142 523 1212 Invenies,
547 1145 730 1213 primis
754 1145 822 1197 ab
847 1143 1084 1198 sensibus
1109 1162 1219 1198 esse
1243 1152 1475 1200 creatam

188 1209 450 1266 Notitiam
473 1213 584 1266 veri
625 1230 661 1265 n
727 1230 794 1266 ue
818 1226 999 1266 sensus
1023 1231 1173 1282 posse
1195 1214 1391 1269 refelli:
1679 1272 1682 1277 ,
1774 1218 1881 1270 480

188 1277 329 1333 Nam
351 1283 548 1351 majore
570 1254 675 1334 side
736 1281 856 1335 ebet
877 1282 1154 1351 reperirier
1176 1282 1326 1350 illud,

188 1347 388 1417 Sponte
411 1368 508 1404 sua
532 1350 666 1404 veris
690 1351 832 1420 quod
856 1351 1023 1421 possit
1046 1351 1257 1405 vincere
1278 1351 1427 1405 falsa.

191 1417 331 1482 Quid
355 1422 550 1489 majore
572 1418 677 1472 fide
700 1435 866 1488 porro,
892 1437 1052 1489 quam
1077 1430 1271 1489 sensus,
1296 1421 1477 1474 haberi

184 1485 392 1543 Debet?
426 1506 498 1543 an
519 1488 588 1543 ab
610 1506 767 1543 sensu
789 1489 922 1543 falso
945 1489 1082 1543 ratio
1106 1494 1222 1544 orta
1245 1489 1444 1545 valebit

185 1555 374 1610 Dicere
398 1575 483 1611 eos
507 1564 704 1626 contra,
728 1576 847 1628 quse
871 1564 987 1613 tota
1009 1558 1078 1612 ab
1101 1559 1337 1612 sensibus
1361 1565 1477 1613 orta
1499 1561 1615 1613 est?

187 1624 291 1689 Qui
315 1627 419 1679 nisi
442 1627 551 1682 sint
573 1628 698 1695 veri,
723 1628 858 1681 ratio
882 1643 1089 1697 quoque
1111 1628 1247 1682 falsa
1269 1628 1332 1682 fit
1357 1629 1541 1682 omnis.

183 1694 272 1747 An
295 1702 547 1765 poterunt
571 1696 748 1750 oculos
770 1714 923 1751 aures
945 1698 1360 1766 reprehendere?
1394 1715 1463 1751 an
1488 1714 1639 1751 aures

183 1762 414 1818 Tactus?
449 1781 520 1817 an
543 1765 688 1818 hunc
711 1783 864 1835 porro
887 1772 1095 1820 tactum
1118 1782 1270 1835 sapor
1292 1772 1480 1835 arguet
1504 1766 1643 1821 oris?

182 1832 271 1885 An
294 1834 648 1889 confutabunt
670 1852 837 1902 nares,
863 1835 1070 1890 oculive
1092 1835 1405 1890 revincent?

183 1900 319 1970 Non,
344 1907 409 1956 ut
431 1903 629 1972 opinor,
654 1904 734 1957 ita
756 1910 863 1958 est:
901 1921 1026 1957 nam
1051 1921 1282 1958 seorsum
1306 1905 1494 1975 cuique
1516 1910 1749 1976 potestas
1767 1909 1874 1960 490

179 1969 366 2025 Divisa
390 1978 499 2026 est:
537 1989 634 2026 sua
656 1973 737 2026 vis
760 1974 848 2026 cui
884 1990 953 2026 ue
975 1979 1083 2027 est:
1120 1974 1340 2043 ideoque
1363 1992 1572 2028 necesse
1595 1981 1690 2046 est,

180 2038 254 2092 Et
276 2041 417 2109 quod
438 2041 597 2094 molle
621 2042 690 2095 sit
714 2047 769 2096 et
791 2060 858 2111 ge
879 2042 1028 2095 idum
1052 2042 1323 2097 fervensve
1346 2044 1545 2109 videri3

181 2106 255 2161 Et
277 2126 506 2162 seorsum
530 2111 700 2164 varios
723 2128 900 2164 rerum
924 2111 1119 2165 sentire
1142 2111 1352 2179 coloreS,

181 2175 253 2229 Et
278 2195 621 2249 quaecumque
646 2179 895 2233 coloribu’
920 2180 1028 2234 sint
1052 2183 1349 2250 conjuncta,
1373 2197 1581 2236 necesse
1604 2186 1700 2237 est.

180 2242 391 2300 Seorsus
414 2247 546 2300 item
570 2265 722 2316 sapor
747 2248 850 2301 oris
873 2248 1034 2301 habet
1059 2249 1183 2316 vim,
1208 2267 1408 2303 seorsus
1431 2250 1613 2305 odores

177 2311 496 2384 Nascuntur,
521 2334 752 2370 seorsum
777 2317 1008 2370 sonitus:
1046 2317 1269 2387 ideoque
1292 2335 1499 2373 necesse
1523 2324 1619 2388 est,

177 2380 297 2435 Non
321 2386 523 2452 possint
547 2386 676 2439 alios
699 2386 793 2439 alii
817 2386 1127 2440 convincere
1152 2404 1347 2441 sensus.

177 2449 230 2504 N
229 2469 288 2505 ec
310 2470 463 2521 porro
486 2460 737 2523 poterunt
761 2455 862 2524 ipsi
885 2472 942 2508 re
978 2455 1264 2509 rehendere
1288 2474 1427 2520 sese;

175 2519 352 2590 AEqua
373 2521 504 2575 fides
528 2524 779 2591 quoniam
802 2523 932 2576 debe
967 2524 1013 2577 it
1038 2541 1242 2593 semper
1263 2525 1461 2578 haberi.

177 2588 417 2658 Proinde,
455 2592 595 2660 quod
629 2592 688 2645 in
724 2609 927 2661 quoque
963 2598 1045 2646 est
1080 2593 1164 2646 his
1198 2593 1371 2646 visum
1406 2599 1657 2663 tempore,
1679 2609 1868 2650 verum

385 2666 480 2713 est.
1762 2666 1868 2716 600

243 2727 329 2797 Et,
354 2729 399 2782 si
422 2744 530 2781 non
554 2728 749 2798 poterit
771 2729 908 2783 ratio
931 2729 1213 2783 dissolvere
1236 2745 1464 2796 causam,
