2084 3000
204 171 308 224 108
823 162 880 225 Τ.
919 173 1256 227 LUORETII

204 278 262 331 Si
285 278 385 332 tibi
408 280 542 332 forte
566 280 801 333 animum
827 282 924 334 tali
947 283 1152 336 ratione
1175 289 1353 336 tenere

205 347 453 400 Versibus
476 349 534 399 in
556 350 747 402 nostris
769 367 986 418 possem,
1010 352 1139 404 dum
1164 353 1416 433 perspicis
1439 369 1650 408 omnem

203 415 465 469 Naturam
487 433 676 484 rerum,
700 435 762 471 ac
785 420 1040 487 persentis
1065 420 1368 474 utihtatem.

274 484 376 538 Sed
402 485 650 553 quonism
673 486 841 554 docui,
867 494 1177 542 cunctarum
1200 490 1415 545 exordia
1437 508 1614 544 rerum

206 553 396 618 Qualia
419 554 540 622 sint,
566 559 620 607 et
643 570 801 624 quam
825 556 984 609 variis
1008 556 1265 612 distantia
1286 557 1471 612 formis

205 621 403 691 Sponte
425 640 521 677 sua
545 624 785 692 volitent,
809 631 1003 678 aeterno
1092 627 1230 680 reita
1251 634 1399 679 motu
1419 647 1434 691 3

207 691 425 759 Quoque
446 692 601 746 modo
623 694 825 763 possint
846 712 929 747 res
952 713 1019 748 ex
1086 695 1128 747 ’s
1153 712 1372 764 quaeque
1395 696 1588 750 creari:

204 760 381 829 Atque
404 762 569 817 animi
592 764 841 831 quoniam
866 764 1020 817 docui
1041 770 1238 817 natura
1261 764 1390 832 quid
1414 771 1563 833 esset,
1820 769 1893 821 30

204 828 277 883 Et
301 829 492 898 quibus
516 848 546 884 e
567 830 724 884 rebus
747 848 870 884 cum
892 849 1105 901 corpore
1130 837 1341 913 compta
1364 833 1566 900 vigeret
1578 852 1595 900 3

206 897 386 963 Quove
407 900 561 952 modo
585 899 838 954 distracta
859 901 1055 953 rediret
1077 901 1137 954 in
1160 901 1309 955 ordia
1330 902 1526 970 prima:

839 1019 921 1074 De
942 1020 1259 1075 simulam-is.

203 1102 362 1158 Nunc
385 1121 539 1174 agere
561 1104 813 1174 incipiam
835 1103 950 1172 tibi,
973 1104 1113 1173 quod
1137 1105 1472 1158 vehementer
1495 1103 1564 1157 ed
1587 1102 1683 1156 has
1706 1118 1793 1156 res

204 1173 432 1242 Attinet,
455 1191 564 1227 esse
588 1190 664 1241 ea,
689 1189 804 1242 quae
826 1190 1004 1226 rerum
1027 1173 1308 1226 simulacra
1330 1189 1604 1226 vocamus:

206 1240 352 1309 Quoe,
378 1242 527 1311 quasi
549 1242 863 1296 membranae
887 1258 1091 1296 summo
1114 1242 1180 1295 de
1204 1258 1414 1311 corpore
1435 1257 1613 1312 rerum

203 1310 452 1380 Direptae,
477 1311 703 1365 volitant
725 1311 866 1364 ultro
889 1312 939 1364 ci
1056 1328 1124 1363 ue
1148 1327 1241 1379 per
1264 1327 1447 1363 auras:

204 1377 381 1447 Atque
403 1379 587 1434 eadem
609 1380 760 1434 nobis
784 1380 1028 1449 vigilanti
1068 1397 1129 1433 us
1152 1378 1305 1433 obvia
1320 1384 1524 1432 mentes

204 1447 527 1518 Terrificant,
552 1456 712 1521 atque
735 1451 794 1502 in
818 1450 1026 1518 somnis,
1051 1465 1214 1518 quum
1237 1464 1373 1518 saepe
1396 1447 1591 1517 figuras

205 1517 516 1572 Contuimur
536 1521 710 1588 miras,
734 1520 1115 1588 simulacraque
1138 1518 1257 1572 luce
1280 1523 1586 1582 carentum3

205 1586 336 1651 Quae
359 1605 453 1642 nos
475 1589 714 1642 horrifice
737 1589 1048 1657 languentes
1073 1604 1211 1657 saepe
1235 1603 1413 1656 sopore
1814 1588 1887 1638 40

203 1655 521 1712 Exeierunt:
557 1675 625 1711 ne
647 1658 783 1711 forte
804 1659 1008 1711 animas
1031 1656 1333 1709 Acherunte
1355 1672 1566 1709 reamur

203 1724 463 1794 Effugere,
486 1732 583 1780 aut
605 1728 815 1781 umbras
838 1727 979 1780 inter
1001 1727 1148 1779 vivos
1173 1725 1420 1778 volitare:

203 1791 351 1847 Neve
373 1795 575 1864 aliquid
598 1797 764 1848 nostri
786 1800 905 1864 post
929 1802 1153 1848 mortem
1175 1811 1324 1863 posse
1347 1792 1591 1862 relinqui,

206 1862 383 1926 Quum
406 1880 594 1932 corpus
617 1863 787 1931 simul,
811 1868 972 1944 atque
995 1863 1163 1917 animi
1184 1868 1379 1915 natura
1402 1866 1688 1930 perempta,

205 1930 272 1984 In
296 1948 392 1985 sua
414 1932 699 1984 discessum
720 1932 963 1985 dederint
986 1931 1273 2001 primordia
1295 1947 1536 2000 queque.

272 1999 405 2053 Dico
426 2000 446 2051 i
486 2000 607 2064 ‘tur‚
629 2017 804 2053 rerum
827 2000 1023 2068 effigies
1048 2007 1336 2069 tenuesque
1359 1999 1555 2068 figuras

204 2066 411 2121 Mittier
433 2086 466 2122 a
522 2068 689 2133 rebuS,
715 2086 917 2122 summo
941 2070 1007 2123 de
1030 2086 1242 2138 corpore
1266 2085 1464 2133 earum,

205 2137 333 2201 Quae
358 2137 509 2205 quasi
530 2136 845 2191 membranae
869 2138 955 2191 vel
978 2144 1159 2191 cortex
1182 2134 1548 2191 nominitanda
1571 2141 1665 2201 est,

205 2204 361 2266 Quod
384 2206 607 2275 speciem
629 2224 693 2261 ac
716 2208 938 2260 formam
962 2206 1187 2260 similem
1208 2206 1348 2275 gerit
1372 2207 1483 2274 ejus
1505 2206 1696 2274 image,

204 2274 485 2328 Gu'uscum
521 2293 590 2329 ue
612 2276 756 2330 cluet
779 2277 845 2330 de
870 2293 1081 2345 corpore
1103 2276 1224 2328 fusa.
1245 2274 1442 2343 vagari.
1814 2276 1885 2325 50

304 2344 340 2397 d
361 2292 636 2398 licetqhinc
659 2345 896 2414 quamvis
920 2344 1099 2397 hebeti
1122 2360 1426 2412 cognoscere
1447 2341 1632 2422 corde:

203 2411 486 2482 Principio,
508 2414 759 2482 quoniam
781 2414 1008 2465 mittunt
1031 2412 1091 2463 in
1111 2412 1267 2464 rebus
1290 2417 1488 2480 apertis

203 2481 428 2548 Corpora
449 2498 532 2534 res
554 2483 754 2546 multis,
777 2480 973 2549 partim
997 2480 1189 2532 diffusa
1212 2480 1413 2547 solutae,

202 2547 408 2600 Robora
429 2565 528 2602 eeu
549 2550 757 2602 fumum
778 2547 1021 2612 mittunt,
1045 2547 1298 2614 ignesque
1321 2563 1595 2625 vaporem:

201 2614 276 2666 Et
298 2616 493 2681 partim
515 2622 764 2668 contexta.
785 2612 953 2679 magis
977 2614 1354 2681 condensaque,
1380 2619 1441 2666 ut
1465 2613 1590 2666 olim

204 2681 381 2746 Quum
405 2688 604 2736 veteres
627 2686 833 2751 ponunt
855 2681 1066 2735 tunicas
1089 2687 1273 2735 aestate
1296 2681 1520 2745 cicadoe5
