2084 3000
174 174 269 230 viii
771 168 1240 224 ARGUMENTA.

176 291 416 341 efficiunt:
449 290 532 353 qui
554 289 724 337 mundi
749 294 986 349 augentur
1006 286 1262 348 aliquando
1284 284 1344 331 ab
1367 283 1554 339 atomis,
1577 297 1638 328 ex
1659 279 1849 329 infinito

177 370 399 432 delapsis,
443 369 699 432 aliquando
741 367 900 423 etiam,
936 364 1238 412 avolantibus
1277 363 1328 409 in
1373 361 1616 408 infinitum
1658 359 1849 415 atomis,

177 449 512 496 diminuuntur
532 463 587 495 ao
610 446 937 494 dissolvuntur
960 442 1032 505 [V.
1052 440 1420 502 1022—1149]:
1457 439 1531 487 uti
1553 446 1663 486 ante
1688 439 1853 485 oculos

177 530 339 576 omnia
357 527 612 590 paullatim
633 526 791 573 effoeta
808 525 946 580 fiunt,
969 529 1030 579 et,
1052 537 1161 584 quae
1195 520 1311 568 olim
1345 519 1595 567 laetissime
1627 518 1847 565 adoleve-

177 616 298 666 rant,
320 607 498 670 plantae
524 613 669 669 atque
690 604 917 652 animalia
934 604 1038 664 jam
1062 616 1192 648 nunc
1215 606 1482 657 senescunt,
1506 605 1555 646 et
1576 599 1740 646 ordine
1761 613 1850 645 suo

179 688 374 735 demum
395 686 659 735 interibunt
680 683 752 747 [v.
781 679 1143 743 1150—1172].

864 858 1157 878 mm

705 999 940 1056 LIBRI
996 1001 1301 1056 TERTII.

247 1152 536 1205 Posrouau
560 1153 815 1202 Lucretius
844 1162 1068 1204 naturam
1099 1162 1149 1203 et
1176 1155 1464 1215 affectiones,
1489 1171 1608 1218 quas
1629 1157 1853 1214 dicimus,

182 1240 450 1282 atomorum
471 1233 523 1280 in
545 1232 868 1294 superioribus
889 1234 1025 1281 libris
1049 1234 1394 1296 explicaverat3
1431 1241 1637 1297 quatuor
1656 1235 1856 1297 reliquis

183 1328 253 1370 ea,
276 1328 385 1376 quae
406 1328 467 1360 ex
485 1313 655 1360 atomis
677 1312 783 1360 istis
804 1314 941 1372 fiunt,
962 1314 1280 1376 persequitur.
1344 1316 1420 1361 Ac
1449 1315 1630 1376 primas
1661 1315 1856 1377 quidem

183 1399 342 1455 partes
363 1393 536 1441 detulit
557 1392 719 1440 animo
739 1400 786 1441 et
806 1394 1009 1442 animae:
1036 1394 1094 1441 de
1108 1394 1284 1456 quibus
1306 1392 1396 1441 boc
1408 1400 1507 1441 toto
1527 1394 1650 1441 libro
1669 1394 1738 1440 ita
1756 1394 1855 1441 dis-

183 1480 335 1537 putat,
358 1479 462 1522 uta
483 1472 709 1522 laudibus
731 1472 988 1537 Epicureae
1010 1473 1241 1522 doctrinae
1268 1473 1541 1536 auspicetur
1561 1471 1631 1536 [v.
1656 1473 1855 1536 1—13J.

187 1554 432 1605 Quoniam
463 1555 593 1603 enim
617 1555 863 1618 Epicurus
895 1557 1061 1605 docuit
1090 1556 1294 1619 primus,
1324 1570 1422 1603 non
1455 1571 1484 1601 a
1511 1555 1599 1602 deo
1632 1554 1856 1617 quodam,

185 1636 268 1683 aed
289 1651 350 1684 ex
369 1636 566 1685 fortuita
579 1631 847 1685 atomorum
861 1637 1173 1687 concursione
1190 1636 1429 1684 mundum
1450 1636 1582 1684 hunc
1603 1636 1860 1698 omniaque

187 1728 292 1761 esse
311 1715 465 1771 facta3
497 1731 525 1763 e
546 1718 781 1764 sententia
801 1717 970 1765 Nostri
991 1716 1182 1778 egregie
1202 1715 1417 1777 perfecit,
1438 1716 1566 1776 quod
1596 1715 1679 1762 alii
1699 1716 1857 1777 philo-

187 1792 325 1854 sophi
345 1793 520 1840 srustra
541 1794 698 1841 conati
726 1796 835 1852 sint,
858 1802 914 1842 ut
934 1795 1102 1842 mortis
1134 1809 1484 1858 poenarumque
1515 1801 1625 1856 post
1656 1802 1859 1843 mortem

185 1878 320 1920 metu
344 1872 531 1919 animos
554 1873 809 1921 hominum
828 1874 1051 1922 liberaret
1074 1871 1143 1935 [v.
1174 1874 1406 1937 14-93].
1475 1875 1600 1923 Haec
1632 1876 1701 1923 ita
1731 1892 1860 1937 prae-

187 1950 329 2008 fatua,
359 1965 500 2011 porro
527 1952 677 2010 docet,
711 1952 927 2000 animum
959 1959 1007 2000 et
1039 1955 1249 2001 animam
1280 1961 1466 2017 partem
1499 1970 1603 2002 esse
1631 1955 1860 2012 hominis,

188 2044 328 2092 aeque
366 2044 423 2077 ac
463 2030 623 2091 pedes,
662 2045 851 2089 manus,
887 2033 1098 2091 brachia,
1144 2031 1331 2095 reliqua
1371 2034 1588 2081 membra
1624 2033 1693 2095 [v.
1732 2035 1860 2082 94-

187 2110 295 2174 97],
332 2126 489 2172 neque
528 2111 748 2159 habitum
788 2127 892 2160 esse
931 2113 1131 2161 vitalem
1169 2114 1315 2161 totius
1360 2114 1581 2175 corporis,
1621 2129 1707 2160 seu
1753 2127 1859 2160 om-

186 2192 326 2240 nium
366 2191 577 2253 partium
618 2192 826 2254 corporis
867 2193 1181 2241 intentionem
1217 2199 1360 2255 atque
1403 2200 1687 2240 concentiun
1730 2208 1859 2250 eum,

189 2286 334 2332 quem
378 2276 560 2318 veteres
605 2271 800 2333 quidam
840 2272 1114 2335 philosophi
1157 2271 1459 2319 harmoniam
1504 2271 1864 2334 appellaverunt

192 2349 262 2412 [v.
309 2349 574 2413 98—106].
655 2351 798 2398 Hanc
841 2352 969 2400 enim
1015 2352 1289 2414 opinionem
1333 2351 1508 2414 partim
1552 2366 1608 2398 eo
1650 2351 1859 2400 labefac-

187 2432 292 2488 tari,
326 2432 455 2492 quod
487 2431 744 2490 interdum,
781 2433 866 2494 qui
909 2446 1103 2494 corpore
1146 2431 1319 2487 doleat,
1360 2431 1521 2478 animo
1562 2430 1771 2487 laetetur,
1816 2442 1864 2478 et

188 2511 271 2573 qui
294 2511 416 2558 nihil
434 2511 608 2558 doloris
638 2511 689 2559 in
722 2526 914 2574 corpore
947 2511 1142 2569 sentiat,
1163 2512 1324 2559 animo
1345 2511 1649 2573 perturbetur
1672 2508 1742 2572 [v.
1772 2509 1862 2560 1⁰7

187 2589 393 2652 —112],
429 2591 605 2654 partim
642 2591 734 2639 hoc
772 2591 937 2650 everti,
976 2592 1104 2654 quod
1134 2591 1280 2640 etiam
1316 2591 1367 2639 in
1404 2606 1572 2640 somno
1605 2590 1756 2640 animi
1799 2589 1863 2638 sit
