2084 3000
759 205 974 258 LIBER
1011 204 1342 266 QUINTUS.
1789 207 1885 255 163

275 303 558 370 Postremo,
584 320 936 374 quoscumque
959 306 1107 358 vides
1130 305 1256 357 hinc
1280 304 1489 357 aetheris
1511 304 1678 372 ignes,

206 372 660 440 Quandoquidem,
684 391 1036 442 quoscumque
1060 374 1118 426 in
1142 374 1295 426 terris
1319 374 1579 431 cernimus
1603 373 1767 440 ignee,

204 442 352 493 Dum
375 447 569 493 tremor
592 447 672 494 est
695 442 880 508 clarus,
906 443 1034 494 dum
1059 443 1293 495 cernitur
1315 442 1469 494 ardor
1493 458 1689 508 eorum,

205 509 532 578 Perparvum
554 510 807 578 quiddam
829 511 1099 563 interdum
1121 516 1329 563 mutare
1352 511 1565 564 videtur

205 578 445 631 Alteram
467 584 643 632 utram
665 579 725 631 in
747 585 952 648 partem
976 580 1143 647 filum,
1168 595 1273 647 quo
1297 580 1508 646 longius
1531 577 1701 642 absit3

206 647 350 700 Scire
372 648 512 714 licet,
537 664 790 716 perquam
812 648 1052 718 pauxillo
1075 665 1223 717 posse
1247 648 1472 700 minores
1782 649 1886 699 590

205 717 350 785 Esse,
372 716 457 770 vel
480 717 676 785 exigua
697 719 916 786 majores
939 723 1093 786 parte
1114 716 1377 784 brevique.

835 864 916 918 De
938 863 1104 917 calore
1125 863 1262 918 solia

278 978 422 1030 Illud
446 977 575 1029 item
598 994 704 1029 non
728 981 808 1029 est
831 976 1148 1044 mirandum,
1173 992 1280 1056 qua
1301 974 1505 1027 ratione

207 1046 469 1099 'santulus
492 1046 583 1116 ille
607 1051 768 1115 queat
790 1051 1005 1097 tantum
1029 1045 1106 1097 sol
1127 1050 1340 1097 mittere
1363 1044 1558 1108 lumen,

207 1116 361 1179 Quod
385 1115 550 1167 maria
573 1132 635 1167 ac
658 1121 821 1166 terras
845 1131 1021 1166 omnes
1047 1113 1342 1182 coelumque
1363 1112 1584 1179 rigando

209 1183 493 1252 Compleat‚
517 1189 571 1234 et
596 1182 765 1235 calido
791 1182 1077 1251 perfundat
1101 1188 1295 1235 cuncta
1317 1198 1523 1249 vapore.

206 1252 348 1305 Nam
371 1252 497 1303 licet
520 1250 646 1303 hinc
668 1251 856 1303 mundi
879 1251 1207 1320 patefactum
1230 1250 1394 1303 totius
1418 1265 1585 1301 unum

206 1320 533 1387 Largifluum
555 1321 756 1373 fontem
781 1325 991 1386 scatere,
1017 1325 1177 1387 atque
1201 1335 1473 1386 erumpere
1496 1316 1676 1369 lumen
1696 1334 1712 1380 ;

206 1389 294 1444 Ex
317 1389 460 1440 omni
484 1389 682 1440 mundo
709 1388 834 1455 quia
858 1388 931 1440 sic
956 1388 1218 1440 elementa
1241 1385 1453 1455 vaporis

208 1458 457 1526 Undique
481 1457 817 1523 conveniunt,
843 1462 897 1510 et
921 1457 995 1510 sic
1019 1458 1286 1524 conjectus
1310 1471 1489 1508 eorum

209 1527 454 1594 confluit,
479 1544 547 1579 ex
569 1544 677 1579 uno
701 1527 873 1594 capite
895 1526 984 1579 hic
1007 1531 1071 1578 ut
1096 1525 1323 1594 profluat
1346 1524 1529 1587 ardor3
1782 1524 1885 1574 600

206 1595 397 1647 Nonne
416 1595 562 1647 vides
585 1596 760 1662 etiam,
779 1613 939 1663 quam
960 1594 1070 1646 late
1093 1611 1287 1662 parvus
1300 1595 1470 1660 *aquai

208 1663 373 1717 Prata
394 1665 532 1731 riget
554 1664 671 1716 fons
693 1663 974 1731 interdum,
1000 1663 1301 1732 campisque
1323 1659 1617 1713 redundet?

208 1732 307 1785 Est
331 1733 492 1785 etiam
510 1736 736 1801 quoque,
761 1733 846 1784 uti
869 1749 976 1784 non
999 1747 1191 1798 magno
1216 1730 1341 1782 solis
1365 1728 1433 1782 ab
1455 1729 1571 1797 igni

209 1801 354 1854 Aera
377 1801 631 1870 percipiat
654 1801 836 1853 calidis
860 1800 1149 1853 fervoribus
1172 1799 1355 1864 ardor3

211 1870 549 1940 Opportunus
572 1870 649 1922 ita
672 1875 752 1922 est
775 1870 820 1922 si
843 1871 976 1922 forte
999 1874 1055 1922 et
1077 1869 1295 1921 idoneus
1318 1868 1425 1935 aer,

129 1989 134 1994 .
210 1939 288 1992 Ut
312 1944 472 2008 queat
495 1939 711 1991 accendi
771 1939 909 1991 arvis
933 1938 1205 1990 ardoribus
1228 1938 1396 1989 ictus:

213 2008 363 2072 Quod
387 2025 554 2076 genus
577 2008 715 2059 inter
752 2025 843 2058 um
869 2013 1069 2074 segetes
1093 2006 1449 2074 stipulamque
1472 2005 1709 2059 videmus
1804 2056 1820 2069 ,

211 2077 462 2130 Accidere
485 2093 553 2130 ex
576 2093 685 2128 una
709 2076 940 2129 scintilla
963 2075 1207 2127 incendia
1266 2076 1437 2128 assim.

211 2146 455 2199 Forsitan
478 2151 531 2198 et
554 2162 700 2198 rosea
723 2145 799 2196 sol
823 2144 930 2197 alte
954 2144 1197 2212 lampade
1242 2160 1401 2196 ucens

211 2214 482 2267 Possideat
504 2213 736 2266 multum
760 2213 909 2266 caecis
933 2213 1226 2265 fervoribus
1249 2212 1428 2279 ignem
1782 2211 1885 2262 610

213 2283 421 2336 Circum
447 2300 515 2350 se,
539 2282 687 2335 nullo
712 2280 802 2348 qui
827 2282 896 2333 sit
919 2281 1124 2348 fulgore
1148 2286 1378 2348 notatuS‚

214 2351 432 2404 AEstifer
454 2351 512 2403 in
535 2357 749 2404 tantum
771 2350 1037 2402 radiorum
1062 2354 1322 2416 exaugeat
1344 2349 1528 2402 ictum.

285 2420 397 2473 Nec
419 2420 556 2473 ratio
581 2420 703 2472 solis
727 2418 951 2488 simplex
975 2422 1072 2470 aut
1094 2423 1239 2469 recta
1261 2417 1500 2485 patescit,

215 2489 330 2553 Quo
354 2495 508 2558 pacto
533 2488 731 2540 aestivis
755 2505 784 2540 e
807 2487 1045 2557 partibus
1069 2486 1369 2553 aegocerotis

213 2557 486 2611 Brumales
509 2558 667 2610 adeat
689 2556 872 2622 flexus,
896 2561 1057 2623 atque
1080 2554 1205 2606 inde
1228 2560 1494 2607 revertens

214 2627 455 2680 Canceris
479 2632 543 2678 ut
566 2632 739 2679 vertat
762 2631 929 2676 metas
953 2640 1007 2675 se
1030 2622 1099 2674 ad
1124 2622 1450 2674 solstitiales:

216 2695 470 2765 Inmaque
495 2693 759 2747 mensibus
783 2693 838 2745 id
863 2692 1095 2764 spatium
1120 2690 1363 2744 videatur
1387 2687 1543 2757 obire,
