2084 3000
742 181 958 236 LIBER
993 182 1317 247 QUINTUS.
1763 171 1877 236 '183

179 281 586 351 Nequidquam:
621 283 869 351 quoniam
894 281 1113 336 cedebat
1136 282 1278 336 victa
1301 286 1549 352 potestas,
1736 284 1876 335 1270

179 352 300 405 Nec
324 355 569 420 poterant
590 350 789 420 pariter
811 351 1005 403 durum
1030 350 1246 404 sufferre
1268 351 1515 405 laborem.

179 420 328 473 Nam
350 419 456 472 fuit
478 419 536 471 in
558 420 728 499 pretio
750 419 918 487 magis
941 436 1028 485 ωε,
1052 436 1346 488 aurumque
1362 420 1574 489 jacebat

181 487 414 557 Propter
436 487 783 541 inutilitatem
806 486 982 540 hebeti
1005 504 1254 541 mucrone
1276 492 1541 542 retusum:

180 557 347 609 Nunc
374 558 509 609 'acet
533 573 619 623 aes,
643 571 833 610 aurum
856 556 914 607 in
938 572 1205 609 summum
1230 558 1478 610 suecessit
1501 550 1781 611 honorein:

183 625 278 678 Sic
304 643 369 679 vo
391 625 562 678 venda
584 631 713 678 setas
736 630 1026 678 commutat
1050 630 1285 695 tempora
1306 642 1509 690 rerum3

185 693 343 758 Quod
364 693 471 746 fuit
493 693 551 745 in
574 694 758 762 pretio,
780 693 844 746 fit
866 693 1015 745 nullo
1039 692 1266 761 denique
1288 693 1514 759 honore;

185 763 354 816 Porro
377 762 525 815 aliud
549 761 796 829 succedit,
821 767 874 815 et
899 779 928 815 e
951 762 1338 831 contemptibus
1361 762 1490 829 exit,

186 831 359 900 Inque
383 830 495 883 dies
516 830 687 899 magis
708 831 993 899 appetitur,
1016 830 1271 902 floretque
1292 836 1561 899 repertum

186 899 474 967 Laudibus,
497 904 553 953 et
573 899 707 952 miro
730 906 810 953 est
833 899 1080 953 mortales
1103 899 1243 953 inter
1266 899 1478 954 honore.

490 1019 936 1086 Quemadmodmn
945 1019 1164 1091 ferrum
1186 1020 1462 1075 inventum
1481 1020 1565 1075 cit.

261 1103 420 1157 Nunc
442 1104 543 1158 tibi
566 1121 669 1173 quo
693 1110 848 1174 pacto
869 1104 997 1158 ferri
1018 1111 1212 1159 natura
1233 1109 1445 1174 reperta
1734 1105 1870 1156 1280

190 1170 294 1239 Sit,
316 1172 472 1226 facile
494 1180 575 1227 est
597 1174 773 1243 ipsmn
794 1190 889 1242 per
910 1179 964 1227 te
988 1190 1310 1243 cognoscere,
1337 1172 1569 1226 Memmi.

189 1241 358 1295 Arma
379 1242 600 1311 antiqua
621 1259 821 1324 manus,
847 1258 1052 1309 ungues
1075 1243 1359 1311 dentesque
1382 1242 1614 1307 fuerunt,

192 1309 266 1362 Et
288 1309 506 1379 lapides,
529 1315 584 1364 et
606 1310 751 1377 item,
775 1310 1025 1363 silvamm
1047 1311 1326 1379 fragmina,
1348 1309 1512 1373 rami;

189 1378 265 1431 Et
287 1378 501 1432 flamma
521 1385 682 1461 atque
704 1380 853 1447 ignes
869 1385 1149 1448 postquam
1172 1383 1298 1432 sunt
1320 1377 1532 1447 cognita
1554 1376 1816 1447 primum:

192 1446 464 1501 Posterius
487 1448 614 1502 fem
636 1448 716 1501 vis
740 1454 820 1502 est
844 1448 1063 1517 aerisque
1084 1452 1319 1518 reperta:

193 1516 269 1570 Et
292 1517 435 1585 prior
456 1518 573 1571 aeris
595 1523 723 1583 erat,
748 1533 910 1585 quam
931 1517 1073 1584 ferri,
1097 1518 1339 1586 cognitus
1361 1531 1518 1570 usust

196 1584 313 1649 Quo
334 1585 505 1639 facilis
526 1587 696 1655 magis
719 1592 799 1638 est
821 1593 1027 1652 natura,
1052 1590 1107 1640 et
1130 1587 1280 1655 copia
1301 1587 1483 1654 major.

195 1653 322 1707 AEre
346 1654 515 1707 solum
536 1660 690 1709 terrae
713 1654 1030 1722 tractabant,
1054 1671 1261 1724 oereque
1280 1655 1409 1708 belli

195 1721 490 1776 Miscebant
511 1722 719 1791 fluctus,
742 1729 798 1777 et
820 1722 1041 1777 vulnera
1063 1728 1214 1777 vasta
1236 1723 1490 1791 serebant,

195 1790 270 1844 Et
291 1807 450 1860 pecus
471 1796 633 1860 atque
655 1808 807 1862 agros
829 1792 1160 1846 adimebant:
1195 1809 1321 1845 nam
1342 1792 1499 1847 facile
1519 1793 1627 1847 illis
1734 1796 1868 1846 1290

198 1858 390 1913 Omnia
404 1860 660 1915 cedebant
682 1863 900 1915 armatis
922 1861 1069 1915 nuda
1090 1868 1146 1915 et
1168 1861 1382 1916 inerma.

199 1927 333 1981 Inde
353 1928 664 1983 minutatim
687 1930 937 1999 processit
958 1930 1157 1984 ferreus
1180 1930 1333 1997 ensis,

199 1997 468 2066 Vel-saque
488 1998 548 2051 in
571 1999 909 2053 obscoenum*
933 1999 1129 2069 species
1152 2005 1233 2053 est
1254 1999 1406 2054 falcis
1428 1999 1628 2069 abente,

197 2065 270 2119 Et
290 2066 429 2120 ferro
452 2084 652 2137 coepere
676 2068 847 2120 solum
869 2068 1199 2136 proscindere
1222 2074 1405 2131 terrae3

197 2134 592 2204 Exaequataque
616 2140 741 2189 sunt
764 2137 962 2205 creperi
985 2137 1275 2190 certamina
1295 2137 1436 2191 belli.

267 2203 337 2257 Et
360 2204 506 2273 prius
528 2210 610 2258 est
632 2211 896 2258 armatum
918 2204 978 2258 in
999 2205 1125 2274 equi
1147 2206 1490 2260 conscendere
1512 2211 1695 2272 costas,

198 2272 270 2325 Et
290 2273 605 2326 moderarier
628 2274 772 2327 hunc
793 2273 970 2339 frenis,
995 2274 1287 2341 dextraque
1310 2275 1504 2344 vigere,

200 2341 369 2405 Quam
391 2342 572 2412 bijugo
595 2359 754 2395 curru
775 2341 903 2396 belli
927 2347 1133 2396 tentare
1156 2343 1379 2412 pericla:

199 2409 269 2463 Et
291 2409 535 2479 bijugum
558 2411 705 2480 prius
726 2416 822 2478 est,
846 2427 1008 2479 quam
1031 2411 1112 2463 bis
1136 2413 1454 2480 conjungere
1476 2409 1641 2478 binos,

199 2478 269 2532 Et
291 2495 448 2547 quam
471 2479 734 2534 falciferos
757 2485 1022 2533 armatum
1045 2480 1322 2534 ascendere
1344 2497 1544 2535 emma.
1732 2483 1869 2534 1300

202 2546 330 2600 Inde
352 2546 508 2602 boves
531 2548 700 2601 Lucas
723 2548 916 2601 turrito
940 2565 1151 2616 corpore
1173 2553 1351 2612 tetros,

201 2615 574 2686 Anguimanos,
596 2616 724 2672 belli
746 2617 1038 2671 docuerunt
1062 2616 1279 2670 vulnera
1297 2614 1449 2669 Poeni

828 2717 858 2743 Π
885 2711 1139 2763 ορρῐοῐπὶίις
1170 2709 1267 2750 ΜΒ.
