2084 3000
743 214 958 270 LIBER
992 216 1308 270 TERTIUS.
1761 219 1860 267 105

188 320 366 441 Atgue
389 319 565 387 animo
587 317 785 400 incerto
807 319 1023 400 fluitans
1048 334 1216 370 errore
1240 317 1481 398 vagaris?

187 387 1062 523 thffissssffizff’fffl?
1071 386 1636 522 ἷὲἓῖΐέἒέθεέἐᾷῖῖῗω

186 525 232 577 E
258 524 449 592 quibus
472 524 526 576 id
549 525 645 577 fiat
669 524 834 577 causis
859 540 1069 591 quoque
1092 540 1315 591 noscere,
1340 529 1394 575 et
1416 523 1558 574 unde

186 593 360 647 Tanta
381 593 509 646 mali
532 599 786 661 tanquam
809 593 969 645 moles
993 593 1051 644 in
1074 598 1283 660 pectore
1307 597 1538 654 constet;
1831 634 1841 645 ,

186 662 349 715 Haud
367 662 447 714 ita
463 663 628 714 vitam
639 667 870 730 agerent,
879 667 945 713 ut
961 672 1103 713 nunc
1114 661 1422 729 plerumque
1437 660 1672 712 videmus
1689 677 1700 712 :
1724 661 1859 713 1070

186 731 328 794 Quid
352 728 452 782 sibi
476 731 694 798 quisque
716 731 862 797 velit,
885 730 1100 796 nescire,
1123 737 1178 781 et
1201 744 1425 796 quaerere
1449 745 1678 796 πωροι-ς

187 799 519 852 Commutato
541 798 730 866 locum,
756 799 907 867 quasi
932 816 1064 851 onus
1087 798 1344 866 deponere
1367 797 1543 865 possit.

255 866 388 920 Exit
411 884 543 936 saepe
567 867 704 920 foras
727 867 934 935 magnis
959 884 1026 919 ex
1051 866 1248 919 {edibus
1271 865 1375 931 ille,

185 934 313 989 Esse
337 935 478 988 domi
503 951 658 1004 quem
747 942 963 988 rtaesum
986 940 1081 1001 est,
1105 934 1382 1003 subitoque
1404 933 1652 998 revertit3

188 1004 397 1073 Quippe
419 1004 545 1056 foris
569 1005 628 1055 ni
670 1004 681 1016 ’
708 1022 738 1057 o
762 1004 949 1056 melius
974 1004 1068 1072 qui
1091 1002 1285 1055 sentiat
1308 1019 1431 1055 esse.

185 1072 363 1126 Currit
385 1089 546 1141 agens
569 1090 788 1126 mannos
811 1072 879 1125 ad
903 1072 1087 1125 villam
1110 1071 1515 1140 praecipitanter,

184 1141 463 1194 Auxilium
487 1141 642 1194 tectis
667 1142 818 1210 quasi
841 1141 976 1193 ferre
999 1139 1304 1193 ardentibus
1329 1140 1561 1192 instans:

186 1210 390 1263 Oscitat
411 1210 691 1279 extemplo,
716 1210 898 1277 tetigit
921 1225 1088 1276 quum
1109 1209 1295 1261 limina
1317 1208 1459 1261 villae
1479 1227 1494 1272 ;

183 1278 296 1331 Aut
319 1278 431 1331 abit
454 1279 512 1330 in
536 1295 775 1331 somnum
798 1278 988 1346 gravis,
1012 1283 1174 1343 atque
1198 1277 1392 1329 oblivia
1415 1276 1634 1344 quaerit3

183 1346 297 1399 Aut
319 1348 481 1399 etiam
504 1363 787 1416 properans
810 1345 992 1398 urbem
1014 1345 1153 1415 petit
1176 1350 1334 1413 atque
1356 1345 1551 1398 revisit.
1718 1346 1858 1396 1080

184 1414 304 1469 Hoc
328 1432 381 1468 se
405 1416 624 1484 quisque
645 1414 799 1468 modo
821 1414 991 1482 fugit:
1028 1419 1101 1480 at,
1160 1431 1281 1466 uem
1306 1413 1518 1479 scilicet,
1542 1417 1606 1465 ut
1628 1412 1707 1479 fit,

183 1484 429 1554 Effugere
453 1484 596 1538 haud
690 1484 759 1538 tis
783 1488 877 1551 est,
901 1431 1329 1552 ingratisffiaeret,
1354 1487 1407 1535 et
1431 1482 1542 1535 odit

184 1553 483 1623 Propterea,
506 1571 619 1606 mor
653 1555 674 1606 i
697 1555 823 1621 quia
845 1570 1059 1606 causam
1080 1568 1188 1604 non
1209 1557 1357 1604 tenet
1380 1567 1544 1617 aeger:

186 1622 359 1686 Quam
381 1621 513 1674 bene
536 1623 580 1675 si
604 1622 795 1687 videat,
812 1623 928 1689 jam
949 1621 1105 1674 rebus
1131 1620 1353 1687 quisque
1374 1619 1571 1670 relictis

183 1690 447 1743 Naturam
469 1692 700 1760 primum
724 1690 933 1743 studeat
957 1704 1265 1757 cognoscere
1287 1704 1491 1750 rerum3

184 1758 451 1827 Temporis
475 1761 660 1812 aeterni
685 1759 945 1826 quoniam,
970 1775 1077 1810 non
1100 1757 1260 1809 unius
1284 1756 1441 1822 horse,

184 1827 489 1895 Ambigitur
510 1833 696 1895 status,
721 1829 778 1879 in
802 1844 905 1897 quo
929 1828 999 1880 sit
1022 1824 1332 1878 mortalibus
1356 1824 1548 1891 omnis,

181 1896 334 1949 AEtas
357 1902 475 1964 post
495 1902 733 1965 mortem,
758 1913 872 1964 quae
895 1899 1061 1949 restat
1084 1911 1322 1975 cumque,
1345 1892 1618 1947 manendo.

251 1963 493 2032 Denique
517 1969 792 2084 tantopere
815 1965 874 2017 in
897 1965 1072 2016 dubiis
1097 1962 1359 2032 trepidare
1379 1962 1593 2083 periclis

184 2032 311 2096 Quae
335 2033 476 2085 mala
498 2050 592 2085 nos
617 2051 679 2085 su
713 2033 815 2100 igit
839 2033 972 2086 vitai
997 2037 1153 2085 tanta
1174 2032 1364 2100 cupido

184 2101 337 2153 Certa
360 2101 573 2170 quidem
598 2102 717 2153 finis
740 2102 866 2154 vitae
889 2101 1201 2154 mortalibus
1224 2100 1417 2166 adstat,

180 2167 292 2222 Nec
316 2169 541 2223 devitari
565 2170 733 2223 letum
756 2175 894 2238 pote,
920 2169 1050 2238 quin
1074 2169 1334 2221 obeamus.

249 2237 509 2291 Praeterea
532 2256 800 2292 versamur
821 2237 1016 2290 ibidem
1040 2243 1203 2303 atque
1224 2237 1464 2289 insumus
1486 2254 1681 2305 usque;

179 2305 290 2359 Nec
313 2323 450 2360 nova
473 2308 696 2361 vivendo
720 2306 1029 2376 procuditur
1053 2305 1166 2359 ulla
1189 2304 1447 2373 voluptas.

179 2374 298 2442 Sed,
324 2375 455 2427 dum
478 2375 639 2442 abest,
665 2376 803 2443 quod
827 2391 1056 2441 avemus,
1079 2374 1136 2426 id
1160 2390 1289 2427 exsu
1355 2390 1470 2426 rare
1494 2373 1706 2425 videtur

179 2444 391 2506 Ceteram
426 2449 545 2512 post
567 2444 728 2511 aliud,
752 2461 918 2513 quum
941 2442 1164 2511 contigit
1188 2442 1288 2495 illu
1363 2458 1604 2505 avemus;

178 2511 249 2565 Et
274 2511 390 2564 sitis
414 2527 564 2580 oequa
586 2517 733 2566 tenet
756 2512 890 2565 vitai
916 2528 1118 2580 semper
1140 2510 1375 2564 hiantes:

178 2580 497 2648 Posteraque
520 2580 579 2632 in
603 2581 763 2633 dubio
787 2585 882 2647 est,
906 2581 1176 2634 fortunam
1198 2595 1358 2647 quam
1381 2577 1542 2632 vehat
1568 2582 1709 2643 astas,

180 2649 386 2713 Quidve
411 2649 548 2701 ferat
571 2649 719 2701 nobis
743 2665 906 2714 casus,
934 2648 1091 2716 quive
1114 2648 1291 2700 exitus
1314 2647 1493 2698 instet.

247 2717 358 2772 Nec
382 2714 637 2787 prorsum,
659 2717 827 2772 vitam
851 2716 1108 2775 ducendo.
1130 2715 1388 2768 demimus
1412 2713 1585 2765 hilum
1718 2716 1855 2765 1100

1720 2033 1857 2084 1090
