2084 3000
265 202 371 257 130
883 203 939 256 T.
976 202 1310 256 LUGRETII

265 307 538 375 Praeterea,
560 306 856 359 meminisse
872 306 1031 372 jacet,
1055 305 1377 371 languetque
1401 321 1594 372 sopore,

265 373 375 428 Nec
398 376 654 441 dissentit,
679 391 799 426 eum
822 373 1003 425 mortis
1027 371 1224 440 letique
1247 373 1477 441 potitum

268 442 610 512 Jampridem,
633 459 789 509 quem
813 458 958 493 mens
982 441 1164 493 vivum
1188 457 1242 492 se
1266 456 1473 492 cernere
1498 439 1678 492 credit.

337 511 487 575 Quod
511 516 756 579 superest,
780 526 886 561 non
909 515 989 561 est
1012 509 1222 576 mirum,
1246 508 1524 560 simulacra
1545 508 1760 574 moveri,
1838 510 1944 561 770
2061 558 2062 563 ,

265 577 592 646 Brachiaque
616 579 674 630 in
692 584 974 629 ‘numerum
989 578 1195 644 jactare
1218 582 1273 628 et
1296 582 1469 629 cetera
1490 574 1737 629 membra.

266 644 405 699 Nam
426 647 505 714 fit,
530 652 589 700 ut
612 648 669 699 in
694 647 885 698 somnis
908 646 1079 697 facere
1102 645 1200 696 hoc
1223 644 1468 696 videatur
1491 645 1677 711 imago.

268 713 496 784 Quippe,
521 716 614 768 ubi
635 716 805 784 prima.
828 715 980 783 perit,
1004 712 1210 780 alioque
1233 718 1313 765 est
1337 712 1504 764 altera
1526 718 1655 765 nata

270 782 403 835 Inde
425 789 585 850 statu,
608 784 749 853 prior
771 783 864 835 hic
887 788 1095 850 gestum
1117 786 1348 833 mutasse
1371 781 1595 833 videtur.

265 850 478 911 Scilicet
501 853 556 905 id
578 852 693 905 fieri
716 851 871 904 celeri
893 850 1094 902 ratione
1118 849 1411 917 putandum
1431 861 1540 901 est:

267 920 438 973 Tanta
460 927 539 973 est
562 919 838 986 mobilitas,
864 926 918 971 et
940 934 1118 970 rerum
1140 918 1291 984 copia
1313 922 1479 983 tanta,

266 987 536 1055 Tantaque
560 987 792 1039 sensibili
817 986 1001 1053 quovis
1024 993 1105 1038 est
1128 991 1359 1053 tempore
1382 985 1439 1037 in
1464 1002 1568 1038 uno

269 1054 433 1122 Copia
455 1055 845 1122 particularum,
870 1060 930 1107 ut
953 1053 1117 1122 possit
1142 1053 1489 1121 suppeditare.

268 1122 390 1174 Mul
483 1139 546 1175 ue
566 1122 627 1173 in
648 1122 731 1174 his
752 1121 905 1174 rebus
929 1127 1252 1189 quaeruntur,
1274 1121 1546 1189 multaque
1566 1121 1715 1174 nobis

267 1189 455 1244 Olaran
492 1207 584 1243 um
605 1195 698 1258 est,
722 1190 878 1259 plane
902 1190 946 1241 si
968 1207 1051 1243 res
1076 1207 1334 1258 exponere
1356 1207 1584 1243 avemus.
1829 1192 1939 1244 '780

549 1308 734 1376 Quare,
760 1306 898 1379 quod
917 1307 1146 1374 libuerit,
1169 1315 1361 1359 statum
1384 1305 1671 1376 coyitemm.

337 1392 600 1458 Quaeritur
622 1391 681 1444 in
703 1392 898 1460 primis,
923 1407 1098 1459 quare,
1125 1390 1265 1457 quod
1288 1391 1477 1457 cuique
1500 1389 1661 1441 libido

268 1459 498 1529 Venerit,
522 1460 785 1530 extemplo
807 1477 954 1513 mens
978 1459 1173 1526 cogitet
1197 1460 1308 1527 ejus
1332 1459 1388 1511 id
1411 1458 1598 1527 ipsum.

265 1529 418 1584 Anne
442 1531 768 1584 voluntatem
791 1535 1022 1581 nostram
1047 1527 1326 1580 simulacra
1350 1534 1584 1595 tuentur,

265 1597 353 1665 Et,
372 1599 592 1652 simulac
613 1599 872 1664 volumus,
890 1597 1038 1649 nobis
1063 1596 1288 1649 occurrit
1311 1596 1520 1662 imago?

266 1666 323 1719 Si
346 1684 502 1733 mare,
528 1668 573 1720 si
596 1673 789 1719 terram
808 1666 955 1718 cordi
978 1670 1073 1731 est,
1098 1664 1142 1716 si
1165 1664 1391 1732 denique
1416 1664 1620 1730 coelum,

266 1733 565 1789 Conventus
586 1735 873 1800 hominum,
898 1750 1157 1802 pompam,
1183 1732 1435 1799 convivia,
1460 1749 1679 1801 pugnas,

266 1800 456 1857 Omnia
478 1801 575 1854 sub
596 1802 822 1867 verbone
845 1807 987 1853 creat
1008 1808 1201 1853 natura
1222 1800 1511 1870 paratque?

265 1868 437 1934 Quum
496 1869 747 1922 raesertim
768 1869 886 1922 aliis
910 1869 1094 1922 eadem
1114 1870 1172 1921 in
1195 1869 1403 1937 regione
1426 1869 1642 1937 locoque

262 1934 440 2005 Longe
459 1887 740 1991 ‹piissimilos
763 1938 971 1990 animus
993 1955 1077 1989 res
1101 1938 1295 2005 cogitet
1319 1937 1529 1991 omnes?

334 2004 474 2069 Quid
488 2022 653 2073 porro,
667 2005 724 2056 in
739 2022 1018 2058 numerum
1070 2006 1305 2058 rocedere
1321 2023 1484 2074 quum
1499 2005 1777 2058 simulacra
1832 2006 1938 2059 '790

262 2072 533 2127 Cernimus
557 2074 615 2125 in
639 2074 846 2140 somnis),
870 2079 925 2126 et
947 2090 1032 2126 mo
1080 2074 1091 2086 “
1150 2074 1383 2127 membra
1406 2090 1611 2126 movere
1630 2090 1647 2137 ς

261 2140 447 2194 Mollia
468 2141 732 2194 mobiliter
755 2159 920 2210 quum
944 2143 1161 2195 alternis
1185 2143 1398 2194 brachia
1420 2142 1669 2208 mittunt,

260 2209 333 2263 Et
354 2215 603 2279 repetunt
627 2211 792 2263 oculis
815 2215 1023 2279 gestum
1047 2211 1179 2278 pede
1203 2210 1570 2264 convenienti?

259 2278 471 2344 Scilicet
494 2284 606 2331 arte
630 2280 845 2332 madent
869 2280 1161 2345 simulacra,
1186 2286 1240 2332 et
1264 2279 1418 2331 docta.
1441 2283 1717 2345 vagantur,

256 2347 533 2401 Nocturno
555 2347 725 2400 facere
748 2354 811 2400 ut
835 2350 1033 2416 possint
1059 2349 1117 2399 in
1141 2355 1372 2416 tempore
1395 2347 1545 2399 ludos
1564 2346 1584 2399 Ἰ

257 2414 345 2469 An
367 2416 536 2482 magis
561 2415 695 2467 illud
719 2416 818 2467 erit
843 2432 1036 2481 verum,
1064 2416 1187 2482 quia
1211 2421 1443 2482 tempore
1467 2415 1525 2467 in
1550 2430 1653 2466 uno

258 2481 620 2535 Consentimus
645 2482 717 2548 id,
742 2489 803 2534 ut
827 2498 991 2550 quum
1014 2499 1118 2534 vox
1142 2482 1406 2534 emittitur
1429 2499 1552 2548 una,

255 2550 509 2617 Tempora
531 2550 702 2602 multa
724 2549 908 2614 latent,
922 2550 1058 2602 ratio
1083 2565 1198 2617 quae
1225 2550 1478 2616 comperit
1503 2549 1648 2602 esse?

255 2614 540 2683 Propterea
560 2618 638 2683 fit,
663 2617 747 2668 uti
771 2617 950 2683 quovis
973 2616 1031 2667 in
1055 2622 1290 2684 tempore
1313 2633 1535 2684 quaeque

251 2679 452 2736 Praesto
475 2684 583 2736 sint
605 2683 883 2737 simulacra
905 2682 1043 2735 locos
1067 2684 1123 2735 in
1148 2699 1377 2750 quosque
1400 2691 1612 2751 parata:
1829 2690 1933 2739 800
