2084 3000
550 540 620 597 Τ.
681 539 1181 596 LUCRETII
1234 540 1479 597 CARI

976 693 1043 727 DE

389 820 896 913 RERUM
1031 819 1635 909 NATURA

714 997 932 1051 LIBER
969 996 1309 1061 QUARTUS.

170 1274 325 1328 Avu
350 1275 618 1329 Pieridum
642 1292 861 1344 peragro
883 1275 1013 1343 loca,
1037 1275 1238 1329 nullius
1261 1279 1387 1328 ante

172 1343 321 1397 Trita
343 1344 450 1397 solo
471 1364 485 1408 3
512 1347 671 1414 juvat
695 1345 926 1412 integros
950 1344 1195 1397 accedere
1218 1343 1391 1397 fontes

170 1412 349 1480 Atque
372 1413 610 1467 haurire:
639 1415 900 1482 juvatque
923 1430 1083 1466 novos
1108 1413 1381 1481 decerpere
1404 1412 1569 1479 floren,

171 1481 544 1552 Insignemque
566 1501 681 1537 meo
705 1483 869 1552 capiti
892 1489 1069 1552 petere
1093 1482 1218 1535 inde
1242 1498 1500 1550 coronam,

171 1551 326 1605 Unde
348 1553 496 1621 prius
519 1553 656 1605 nulli
680 1552 908 1606 velarint
931 1558 1169 1621 tempora
1193 1551 1374 1604 Musae.

171 1620 423 1689 Primum,
449 1622 587 1690 quod
610 1621 815 1689 magnis
840 1622 996 1674 doceo
1021 1621 1087 1672 de
1109 1619 1278 1686 rebus,
1302 1627 1356 1672 et
1380 1619 1540 1673 arctis

172 1688 507 1758 Religionum
531 1691 732 1743 animos
755 1690 905 1742 nodis
929 1689 1196 1743 exsolvere
1218 1704 1379 1769 pergo
1391 1707 1406 1752 ;

170 1758 390 1827 Deinde,
415 1760 553 1828 quod
577 1758 797 1812 obscura
820 1759 885 1811 de
908 1776 964 1811 re
989 1765 1100 1811 tam
1125 1757 1304 1810 luc1da
1326 1757 1502 1827 pando

171 1827 429 1895 Carmina,
454 1828 655 1881 Musaeo
679 1828 987 1897 contingens
1011 1833 1206 1880 cuncta
1228 1825 1428 1895 lepore:

171 1896 236 1949 Id
260 1913 466 1966 quoque
491 1898 632 1949 enim
655 1914 762 1949 non
786 1897 853 1949 ab
877 1897 1027 1949 nulla
1050 1896 1253 1950 ratione
1277 1895 1487 1948 videtur
1499 1914 1514 1960 3

169 1965 308 2018 Nam
332 1966 497 2018 veluti
519 1966 697 2035 pueris
720 1965 986 2019 absinthia
1009 1970 1150 2019 tetra
1171 1965 1438 2017 medentes

170 2034 347 2097 Quum
370 2035 495 2087 dare
518 2038 791 2101 conantur,
815 2034 960 2103 prius
983 2051 1098 2087 oras
1121 2033 1312 2103 pocula
1335 2034 1533 2087 circum

169 2103 498 2171 Contingunt
521 2102 692 2156 mellis
716 2103 860 2155 dulci
882 2101 1018 2155 flavo
1054 2120 1122 2155 ue
1146 2103 1359 2171 liquore,

169 2171 244 2223 Ut
267 2188 545 2240 puerorum
571 2179 698 2225 aetas
721 2172 1014 2241 improvida
1061 2171 1339 2224 udificetur

168 2239 454 2294 labrorum
478 2247 662 2305 tenu83
697 2241 899 2293 interea
921 2245 1164 2309 perpotet
1189 2256 1428 2293 amarum

167 2308 414 2362 Absinthi
438 2309 664 2376 laticem,
691 2310 1013 2377 deceptaque
1036 2326 1144 2361 non
1170 2309 1424 2377 capiatur,

167 2377 269 2431 Sed
290 2379 482 2447 potius,
507 2378 605 2431 tali
630 2383 839 2431 attactu
862 2383 1110 2443 recreata,
1136 2376 1392 2430 valescat:

166 2445 252 2528 Sic
275 2464 371 2529 ego
394 2464 551 2515 nunc,
577 2447 827 2516 quoniam
848 2446 964 2499 haec
986 2446 1121 2499 ratio
1146 2446 1453 2515 plerumque
1477 2445 1689 2498 videtur

167 2514 384 2568 'l'nstlor
407 2533 531 2583 esse,
557 2516 749 2585 quibus
772 2532 879 2569 non
903 2520 983 2568 est
1005 2520 1267 2579 tractata-3
1301 2521 1543 2582 retroque

167 2584 376 2653 Vulgus
399 2584 643 2638 abhorret
667 2585 734 2637 ab
759 2584 874 2651 hac,
899 2583 1043 2636 volui
1067 2584 1166 2636 tibi
1191 2582 1581 2651 suaviloquenti

168 2653 407 2706 Carmine
429 2653 602 2707 Pierio
625 2653 885 2706 rationem
908 2670 1167 2722 exponere
1190 2658 1438 2717 nostram,

165 2721 237 2775 Et
260 2722 411 2792 quasi
433 2722 631 2776 Musaeo
655 2721 799 2775 dulci
822 2721 1126 2789 contingere
1149 2719 1335 2782 melle;

1779 1898 1845 1947 10

1772 2586 1843 2636 20
