2084 3000
219 186 290 234 44
845 178 901 231 Τ.
939 176 1274 230 LUCRE'PII

211 279 536 333 Ponderibus
595 279 781 359 ropriis
804 279 1004 331 incerto
1027 285 1263 346 tempore
1286 277 1467 345 ferme,

215 347 546 415 lacertisque
592 364 714 411 ocis,
740 349 911 416 spatio
935 348 1185 400 decedere
1208 347 1458 415 paulum:

214 417 449 470 Tantum
472 415 612 484 quod
634 416 917 468 minimum
938 422 1210 468 mutatum
1234 416 1404 467 dicere
1430 415 1609 484 possis.
1801 421 1916 468 220

740 529 823 584 De
845 529 1190 584 declinatione
1212 516 1394 584 metue.

288 615 441 681 Quod
463 615 569 668 nisi
592 615 855 668 declinare
881 615 1122 683 solerent,
1148 616 1325 669 omnia
1348 616 1607 682 deorsum,

218 684 408 738 Imbris
430 684 517 737 uti
539 690 721 752 guttae‚
746 685 995 738 caderent
1018 702 1113 753 per
1135 685 1294 736 inane
1317 684 1672 753 profundum;

217 754 272 806 N
271 771 330 806 ec
352 755 488 806 foret
512 753 736 806 offensus
759 760 933 820 natus,
957 771 1055 806 nec
1078 753 1239 821 plaga
1261 760 1439 805 creata

219 822 527 891 Principiis:
563 823 642 875 ita
665 823 744 874 nil
767 839 1006 889 unquam
1028 828 1223 875 natura
1247 827 1485 874 creasset.

290 891 441 956 Quod
465 892 511 944 si
532 892 668 944 forte
691 891 882 959 aliquis
906 891 1089 958 credit,
1113 891 1354 958 graviora
1376 897 1580 959 potesse

219 960 461 1040 Corpora,
485 976 591 1027 quo
615 960 770 1012 citius
794 965 997 1012 rectum
1022 976 1116 1027 per
1138 960 1295 1012 inane
1317 960 1577 1026 feruntur,

221 1029 460 1081 Incidere
483 1045 513 1081 e
537 1045 721 1097 supero
744 1027 1040 1095 levioribus,
1066 1035 1225 1096 atque
1249 1028 1327 1080 ita
1350 1028 1534 1096 plagas

221 1097 459 1165 Gignere,
484 1115 603 1166 quae
627 1097 830 1165 possint
853 1097 1109 1165 genitales
1131 1096 1346 1149 reddere
1368 1103 1557 1165 motus,

219 1165 387 1218 Avius
409 1183 443 1219 a
466 1183 589 1219 vera
611 1166 765 1233 longe
788 1166 990 1219 ratione
1012 1166 1241 1219 recedit:
1797 1166 1905 1218 229

221 1234 362 1287 Nam
384 1252 478 1304 per
499 1252 665 1302 aquas
723 1252 1031 1303 uaecumque
1055 1235 1270 1301 cadunt,
1294 1238 1455 1302 atque
1478 1234 1605 1288 aera
1628 1233 1887 1301 deorsum,

224 1304 357 1356 Haec
379 1321 473 1372 pro
496 1302 712 1373 ponderi
748 1320 809 1355 us
834 1320 983 1355 casus
1008 1303 1233 1356 celerare
1256 1320 1462 1355 necesse
1486 1310 1596 1368 est5

223 1372 521 1453 Propterea,
546 1372 670 1440 quia
694 1389 879 1441 corpus
902 1389 1055 1440 aquae
1079 1379 1375 1439 naturaque
1399 1372 1573 1423 tenuis

223 1441 376 1493 Acris
399 1440 545 1494 haud
567 1448 786 1511 possunt
811 1458 958 1509 aeque
981 1458 1095 1493 rem
1118 1458 1381 1510 quamque
1403 1439 1622 1508 morari,-

225 1511 328 1563 Sed
351 1511 506 1564 citius
530 1510 724 1564 cedunt
748 1511 1074 1579 gravioribus
1097 1517 1425 1579 exsuperata.

224 1580 299 1632 At
327 1586 509 1633 contra
531 1580 681 1647 nulli,
707 1581 773 1633 de
796 1580 946 1633 nulla
968 1586 1134 1649 parte,
1158 1597 1327 1648 neque
1350 1579 1463 1631 ullo

226 1648 477 1718 Tempore
500 1649 657 1702 inane
681 1655 854 1717 potest
877 1666 1104 1702 vacuum
1129 1648 1406 1701 subsistere
1429 1648 1505 1701 rei
1524 1667 1540 1711 ;

226 1716 382 1784 Quin,
406 1735 503 1770 sua
527 1718 667 1785 quod
690 1724 883 1770 natura
905 1718 1056 1785 petit,
1083 1718 1363 1771 concedere
1385 1723 1586 1785 pergat.

227 1785 417 1838 Omnia
441 1803 638 1854 quapro
676 1791 755 1837 ter
779 1786 972 1838 debent
995 1804 1091 1854 per
1112 1787 1270 1839 inane
1295 1786 1532 1854 quietum

225 1854 411 1922 AEque,
435 1803 749 1922 ponderizus
772 1869 878 1905 non
901 1856 1082 1921 eequis,
1107 1856 1313 1908 concita
1333 1855 1473 1907 ferri.

225 1921 389 1975 Haud
412 1919 577 1989 igitur
599 1926 849 1990 poterunt
871 1922 1152 1976 levioribus
1175 1923 1404 1976 incidere
1426 1940 1663 1991 unquam
1800 1925 1906 1974 240

225 1990 309 2042 Ex
334 2008 518 2059 supero
541 1990 795 2059 graviora,
819 2008 989 2060 neque
1013 1992 1152 2045 ictus
1175 1993 1390 2060 gignere
1413 2009 1506 2060 per
1529 2009 1598 2059 se,

226 2058 330 2123 Qui
353 2060 559 2112 varient
582 2065 769 2127 motus,
793 2078 887 2128 per
911 2079 1036 2129 quos
1061 2067 1253 2114 natura
1275 2067 1425 2129 gerat
1447 2078 1542 2113 res,

296 2128 469 2193 Quare
493 2129 654 2181 etiam
678 2136 836 2197 atque
860 2131 1021 2182 etiam
1045 2130 1262 2199 paulum
1284 2129 1540 2182 inclinare
1563 2145 1770 2181 necesse
1794 2133 1873 2180 est

226 2196 463 2279 Corpora,
487 2215 585 2250 nec
609 2198 728 2266 plus
753 2216 912 2267 quam
936 2199 1244 2264 minimum;
1279 2216 1348 2250 ne
1370 2198 1567 2266 fingere
1589 2204 1766 2249 motus

227 2266 475 2336 Obhquos
499 2267 787 2334 videamur,
811 2273 865 2319 et
888 2267 945 2318 id
969 2285 1050 2320 res
1074 2285 1197 2320 vera
1219 2268 1430 2319 refutet.

222 2334 276 2387 N
276 2353 465 2405 amque
487 2336 586 2389 hoc
608 2337 667 2388 in
689 2342 937 2405 promptu
960 2337 1404 2404 manifestumque
1429 2353 1538 2387 esse
1561 2334 1814 2399 videmus,

224 2404 478 2472 Pondera,
502 2411 762 2474 quantum
784 2404 842 2462 in
867 2422 920 2455 se
944 2410 1037 2469 est,
1063 2421 1170 2457 non
1194 2422 1341 2473 posse
1364 2404 1578 2473 obliqua
1599 2421 1787 2469 meare,

224 2471 309 2524 Ex
334 2490 518 2539 supero
542 2490 706 2539 quum
728 2472 1081 2539 praecipitant,
1106 2472 1246 2539 quod
1270 2489 1478 2524 cernere
1501 2471 1679 2540 possis.

225 2540 328 2592 Sed
350 2541 486 2592 nihil
510 2540 720 2593 omnino
742 2544 887 2589 recta
909 2539 1118 2604 regione
1142 2540 1252 2591 viai

223 2606 515 2673 Declinare,
539 2608 656 2674 quis
680 2612 773 2670 est,
799 2605 891 2671 qui
914 2606 1077 2671 possit
1101 2624 1323 2671 cernere,
1348 2606 1489 2658 sese?
1800 2611 1904 2660 250

293 2675 534 2743 Denique
559 2675 605 2725 si
627 2688 828 2740 semper
849 2680 1022 2723 mot-us
1048 2675 1378 2726 connectitur
1399 2675 1582 2741 omnis,
