2084 3000
707 200 924 254 LIBER
959 200 1285 265 QUINTUS.
1729 203 1829 251 155

146 304 347 357 Finiti?
383 320 554 373 neque
576 304 718 356 enim
742 304 989 358 caderent
1011 304 1195 357 avulsa
1217 308 1447 373 repente,

144 372 229 425 Ex
252 372 461 426 infinito
485 390 603 441 quae
628 379 860 441 tempore
883 373 1286 441 pertolerassent

145 441 337 495 Omnia
359 448 623 494 tormenta
647 442 832 508 aetatis,
856 442 1066 509 privata
1088 442 1307 510 fragore.

213 510 467 579 Denique,
483 512 600 578 jam
623 516 769 563 tuere
793 510 891 562 hoc
915 510 1113 562 circum
1138 527 1412 580 supraque,
1438 510 1577 580 quod
1602 528 1810 564 omnem

143 579 391 633 Continet
414 579 666 647 amplexu
688 584 914 642 terram;
951 579 1094 646 quod
1118 586 1355 647 procreat
1379 598 1447 632 ex
1471 597 1526 632 se
1722 583 1827 631 :320

144 648 350 714 Omnia,
374 648 516 717 quod
538 648 753 716 quidam
776 653 1082 714 memorant,
1106 648 1398 716 recipitque
1421 656 1720 718 perempta:

142 716 335 770 'fotum
355 717 599 770 nativum
621 716 832 769 mortali
855 733 1066 785 corpore
1089 722 1309 770 constat.

141 784 281 838 Nam
307 786 670 855 quodcumque
693 785 824 838 alias
848 801 916 837 ex
940 802 994 837 se
1016 801 1100 837 res
1124 791 1284 852 auget
1306 784 1523 854 alitque,

118 854 396 907 ‘Deminui
419 854 589 922 debet,
612 854 836 907 recreari
859 870 1028 922 quum
1049 854 1240 922 recipit
1260 871 1358 907 res.

600 969 774 1036 Quare
800 968 987 1023 nativa
1011 969 1195 1021 omnia
1218 968 1374 1023 dicat.

214 1053 487 1122 Praeterea,
511 1055 558 1107 si
580 1055 731 1107 nulla
752 1055 860 1107 fuit
882 1054 1130 1123 genitalis
1153 1055 1297 1123 origo

21 1133 29 1139 ’
140 1122 320 1176 Terra'i
345 1129 400 1176 et
423 1123 557 1197 coelj,
581 1140 886 1192 semperque
909 1130 1105 1176 aeterna
1127 1124 1304 1188 fuere;

141 1192 247 1245 Gur
270 1210 458 1261 supera
479 1191 678 1245 bellum
703 1192 1012 1245 Thebanum
1035 1198 1092 1245 et
1114 1192 1302 1246 funera
1326 1192 1492 1262 Trojoe

138 1260 263 1314 Non
285 1261 416 1314 alias
439 1261 534 1314 alii
557 1278 764 1331 quoque
785 1278 868 1313 res
891 1262 1125 1313 cecinere
1147 1261 1347 1330 poetae‘l

141 1330 257 1395 Quo
281 1336 362 1384 tot
384 1330 529 1384 facta
551 1330 726 1384 virfim
750 1331 905 1383 toties
929 1329 1195 1383 cecidere?
1231 1347 1400 1399 neque
1425 1347 1650 1398 usquam

139 1399 371 1452 AEternis
395 1400 550 1452 famae
573 1399 927 1452 monumentis
949 1399 1112 1452 insita
1134 1398 1362 1451 florent?
1717 1402 1824 1452 330

211 1469 424 1537 Verum,
451 1475 514 1522 ut
537 1470 735 1538 opinor,
760 1468 921 1522 habet
944 1468 1237 1522 novitatem
1262 1484 1466 1521 summa
1487 1484 1773 1536 recensque

137 1538 347 1593 Natura
368 1545 449 1592 est
472 1539 670 1606 mundi,
695 1555 865 1607 neque
887 1538 1093 1607 pridem
1116 1538 1332 1591 exordia
1354 1537 1509 1606 cepit.

140 1607 314 1673 Quare
337 1608 500 1661 etiam
523 1608 765 1675 quaedam
786 1624 930 1660 nunc
952 1612 1094 1660 artes
1117 1607 1471 1676 expoliuntur,

137 1676 295 1729 Nunc
319 1677 481 1730 etiam
504 1684 819 1745 augescunt:
856 1692 999 1728 nunc
1021 1673 1206 1729 addita
1228 1675 1455 1743 navigiis
1479 1680 1606 1728 sunt

139 1744 344 1811 Multa3
379 1746 533 1798 modo
556 1763 614 1799 or
649 1745 790 1798 anici
812 1745 1022 1799 melicos
1046 1760 1290 1813 peperere
1314 1761 1533 1798 sonores.

140 1813 378 1883 Denique
400 1821 594 1868 natura
612 1763 730 1867 ξω
746 1831 924 1866 rerum
945 1814 1186 1881 ratioque
1208 1819 1417 1883 reperta
1438 1819 1519 1867 est

134 1882 355 1953 Nupe13
389 1890 445 1936 et
467 1883 607 1936 hanc
629 1883 828 1952 primus
852 1900 972 1936 cum
992 1882 1176 1951 primis
1201 1882 1313 1951 ipse
1334 1889 1575 1952 repertus

136 1952 295 2005 Nunc
317 1969 414 2021 ego
439 1969 571 2020 sum,
594 1953 654 2004 in
676 1952 875 2021 patrias
898 1953 990 2021 qui
1014 1951 1208 2020 possim
1231 1958 1434 2005 vertere
1456 1969 1618 2005 voces.

207 2021 375 2089 Quod,
402 2021 446 2074 si
469 2022 607 2074 forte
629 2021 793 2073 fuisse
817 2021 1045 2074 antehac
1069 2020 1250 2074 eadem
1274 2021 1451 2075 omnia
1474 2020 1655 2088 credis,

62 2094 79 2109 ⁴
129 2088 239 2144 Sed
262 2090 476 2159 periisse
499 2090 770 2143 hominum
794 2090 1016 2143 torrenti
1039 2089 1195 2142 saecla
1218 2106 1424 2159 vapore,
1710 2092 1817 2142 340

136 2159 249 2212 Aut
271 2159 519 2212 cecidisse
539 2159 694 2211 urbes
717 2176 909 2226 magno
932 2158 1211 2211 vexamine
1232 2159 1436 2227 mundi,

129 2228 248 2282 Aut
271 2245 339 2282 ex
361 2227 617 2281 imbribus
638 2227 862 2281 assiduis
885 2228 1055 2280 exisse
1076 2243 1291 2294 rapaces

130 2297 239 2351 Per
261 2303 426 2350 terras
447 2313 642 2362 amnes,
667 2312 730 2349 ac
752 2296 947 2364 oppida
968 2295 1293 2363 cooperuisse
1304 2316 1319 2358 ;

22 2392 23 2395 ¹
128 2367 305 2420 Tanto
328 2366 523 2435 quippe
543 2366 713 2434 magis
737 2365 908 2417 victus
931 2364 1133 2418 fateare
1156 2381 1363 2419 necesse
1386 2370 1480 2433 est,

126 2435 376 2490 Exitium
400 2451 606 2503 quoque
628 2441 888 2487 terrarum
911 2433 1133 2502 coelique
1155 2432 1408 2487 futurum.

126 2505 289 2572 Nam,
313 2520 479 2573 quum
500 2520 583 2556 res
606 2504 772 2557 tantis
794 2501 987 2555 morbis
1010 2501 1280 2571 tantisque
1303 2502 1512 2572 periclis

126 2575 502 2640 Tentarentur‚
525 2571 602 2624 ibi
625 2571 669 2625 si
693 2572 894 2624 tristior
913 2570 1237 2624 incubuisset

24 2638 27 2643 ’
127 2645 319 2708 Causa,
344 2641 531 2694 darent
554 2641 662 2694 late
686 2640 905 2707 cladem,
928 2656 1251 2708 magnasque
1273 2638 1482 2692 ruinasz

124 2713 244 2769 Nec
265 2710 469 2766 ratione
491 2709 599 2764 alia
620 2709 864 2763 mortales
887 2725 996 2762 esse
1020 2707 1261 2762 videmur
