<?xml version="1.0" encoding="UTF-8"?>
<!DOCTYPE html PUBLIC "-//W3C//DTD XHTML 1.0 Transitional//EN"
    "http://www.w3.org/TR/xhtml1/DTD/xhtml1-transitional.dtd">
<html xmlns="http://www.w3.org/1999/xhtml" xml:lang="en" lang="en">
 <head>
  <title>
</title>
<meta http-equiv="Content-Type" content="text/html;charset=utf-8" />
  <meta name='ocr-system' content='tesseract 3.04.00' />
  <meta name='ocr-capabilities' content='ocr_page ocr_carea ocr_par ocr_line ocrx_word'/>
</head>
<body>
  <div class='ocr_page' id='page_1' title='image "./tlucretiicaride04carugoog_0209.png"; bbox 0 0 2084 3000; ppageno 0'>
   <div class='ocr_carea' id='block_1_1' title="bbox 534 513 1432 612">
    <p class='ocr_par' dir='ltr' id='par_1_1' title="bbox 534 513 1432 612">
     <span class='ocr_line' id='line_1_1' title="bbox 534 513 1432 612; baseline 0 0"><span class='ocrx_word' id='word_1_1' title='bbox 534 513 1137 612; x_wconf 72' lang='lat' dir='ltr'>T.LUCRET11</span> <span class='ocrx_word' id='word_1_2' title='bbox 1193 553 1432 612; x_wconf 77' lang='lat' dir='ltr'>CARI</span> 
     </span>
    </p>
   </div>
   <div class='ocr_carea' id='block_1_2' title="bbox 949 743 1024 781">
    <p class='ocr_par' dir='ltr' id='par_1_2' title="bbox 949 743 1024 781">
     <span class='ocr_line' id='line_1_2' title="bbox 949 743 1024 781; baseline 0.013 -1"><span class='ocrx_word' id='word_1_3' title='bbox 949 743 1024 781; x_wconf 72' lang='lat' dir='ltr'>DE</span> 
     </span>
    </p>
   </div>
   <div class='ocr_carea' id='block_1_3' title="bbox 198 897 1740 990">
    <p class='ocr_par' dir='ltr' id='par_1_3' title="bbox 198 897 1740 990">
     <span class='ocr_line' id='line_1_3' title="bbox 198 897 1740 990; baseline 0.001 -3"><span class='ocrx_word' id='word_1_4' title='bbox 198 897 839 987; x_wconf 83' lang='lat' dir='ltr'>RERUM</span> <span class='ocrx_word' id='word_1_5' title='bbox 994 897 1740 990; x_wconf 80' lang='lat' dir='ltr'><strong>NATURA</strong></span> 
     </span>
    </p>
   </div>
   <div class='ocr_carea' id='block_1_4' title="bbox 675 1121 1303 1178">
    <p class='ocr_par' dir='ltr' id='par_1_4' title="bbox 675 1121 1303 1178">
     <span class='ocr_line' id='line_1_4' title="bbox 675 1121 1303 1178; baseline 0.008 -5"><span class='ocrx_word' id='word_1_6' title='bbox 675 1121 929 1174; x_wconf 81' lang='lat' dir='ltr'>LIBER</span> <span class='ocrx_word' id='word_1_7' title='bbox 974 1121 1303 1178; x_wconf 78' lang='lat' dir='ltr'><strong>SEXTUS.</strong></span> 
     </span>
    </p>
   </div>
   <div class='ocr_carea' id='block_1_5' title="bbox 857 1295 955 1311">
    <p class='ocr_par' dir='ltr' id='par_1_5' title="bbox 857 1295 955 1311">
     <span class='ocr_line' id='line_1_5' title="bbox 857 1295 955 1311; baseline 0 0"><span class='ocrx_word' id='word_1_8' title='bbox 857 1295 955 1311; x_wconf 62' lang='lat' dir='ltr'><em>m</em></span> 
     </span>
    </p>
   </div>
   <div class='ocr_carea' id='block_1_6' title="bbox 956 1297 1117 1313">
    <p class='ocr_par' dir='ltr' id='par_1_6' title="bbox 956 1297 1117 1313">
     <span class='ocr_line' id='line_1_6' title="bbox 956 1297 1117 1313; baseline 0 1687"><span class='ocrx_word' id='word_1_9' title='bbox 956 1297 1117 1313; x_wconf 95' lang='lat' dir='ltr'> </span> 
     </span>
    </p>
   </div>
   <div class='ocr_carea' id='block_1_7' title="bbox 143 1402 1830 2783">
    <p class='ocr_par' dir='ltr' id='par_1_7' title="bbox 143 1402 1524 1613">
     <span class='ocr_line' id='line_1_7' title="bbox 143 1402 1344 1474; baseline 0.004 -20"><span class='ocrx_word' id='word_1_10' title='bbox 143 1404 352 1456; x_wconf 74' lang='lat' dir='ltr'>Pnnffl</span> <span class='ocrx_word' id='word_1_11' title='bbox 376 1402 653 1473; x_wconf 79' lang='lat' dir='ltr'>frugiferos</span> <span class='ocrx_word' id='word_1_12' title='bbox 675 1405 836 1458; x_wconf 83' lang='lat' dir='ltr'>foetus</span> <span class='ocrx_word' id='word_1_13' title='bbox 858 1406 1167 1458; x_wconf 80' lang='lat' dir='ltr'><strong>mortalibus</strong></span> <span class='ocrx_word' id='word_1_14' title='bbox 1192 1406 1344 1474; x_wconf 75' lang='lat' dir='ltr'>aegris</span> 
     </span>
     <span class='ocr_line' id='line_1_8' title="bbox 144 1472 1524 1547; baseline 0.006 -22"><span class='ocrx_word' id='word_1_15' title='bbox 144 1472 470 1526; x_wconf 86' lang='lat' dir='ltr'>Dididerunt</span> <span class='ocrx_word' id='word_1_16' title='bbox 493 1475 757 1543; x_wconf 83' lang='lat' dir='ltr'>quondam</span> <span class='ocrx_word' id='word_1_17' title='bbox 780 1475 1027 1544; x_wconf 81' lang='lat' dir='ltr'>praeclaro</span> <span class='ocrx_word' id='word_1_18' title='bbox 1050 1477 1261 1529; x_wconf 86' lang='lat' dir='ltr'>nomine</span> <span class='ocrx_word' id='word_1_19' title='bbox 1284 1477 1524 1547; x_wconf 83' lang='lat' dir='ltr'>Athenae,</span> 
     </span>
     <span class='ocr_line' id='line_1_9' title="bbox 144 1541 1394 1613; baseline 0.005 -19"><span class='ocrx_word' id='word_1_20' title='bbox 144 1541 220 1594; x_wconf 87' lang='lat' dir='ltr'>Et</span> <span class='ocrx_word' id='word_1_21' title='bbox 242 1549 611 1596; x_wconf 81' lang='lat' dir='ltr'>recreaverunt</span> <span class='ocrx_word' id='word_1_22' title='bbox 636 1544 815 1611; x_wconf 82' lang='lat' dir='ltr'>vitam,</span> <span class='ocrx_word' id='word_1_23' title='bbox 839 1545 1085 1612; x_wconf 81' lang='lat' dir='ltr'>legesque</span> <span class='ocrx_word' id='word_1_24' title='bbox 1108 1552 1394 1613; x_wconf 85' lang='lat' dir='ltr'>rogarunt:</span> 
     </span>
    </p>

    <p class='ocr_par' dir='ltr' id='par_1_8' title="bbox 145 1611 1282 1681">
     <span class='ocr_line' id='line_1_10' title="bbox 145 1611 1282 1681; baseline 0.004 -19"><span class='ocrx_word' id='word_1_25' title='bbox 145 1611 220 1663; x_wconf 91' lang='lat' dir='ltr'>Et</span> <span class='ocrx_word' id='word_1_26' title='bbox 243 1612 425 1680; x_wconf 84' lang='lat' dir='ltr'>primae</span> <span class='ocrx_word' id='word_1_27' title='bbox 451 1612 709 1666; x_wconf 88' lang='lat' dir='ltr'>dederunt</span> <span class='ocrx_word' id='word_1_28' title='bbox 733 1613 917 1665; x_wconf 78' lang='lat' dir='ltr'>solatia.</span> <span class='ocrx_word' id='word_1_29' title='bbox 942 1613 1120 1667; x_wconf 74' lang='lat' dir='ltr'>dulcia.</span> <span class='ocrx_word' id='word_1_30' title='bbox 1143 1616 1282 1681; x_wconf 82' lang='lat' dir='ltr'>vitae,</span> 
     </span>
    </p>

    <p class='ocr_par' dir='ltr' id='par_1_9' title="bbox 148 1680 1522 1957">
     <span class='ocr_line' id='line_1_11' title="bbox 148 1680 1522 1752; baseline 0.003 -20"><span class='ocrx_word' id='word_1_31' title='bbox 148 1680 325 1743; x_wconf 85' lang='lat' dir='ltr'>Quum</span> <span class='ocrx_word' id='word_1_32' title='bbox 350 1697 576 1748; x_wconf 83' lang='lat' dir='ltr'>genuere</span> <span class='ocrx_word' id='word_1_33' title='bbox 599 1683 772 1734; x_wconf 84' lang='lat' dir='ltr'>virum</span> <span class='ocrx_word' id='word_1_34' title='bbox 795 1682 894 1733; x_wconf 82' lang='lat' dir='ltr'>tali</span> <span class='ocrx_word' id='word_1_35' title='bbox 917 1699 1039 1734; x_wconf 88' lang='lat' dir='ltr'>cum</span> <span class='ocrx_word' id='word_1_36' title='bbox 1064 1684 1217 1736; x_wconf 87' lang='lat' dir='ltr'>corde</span> <span class='ocrx_word' id='word_1_37' title='bbox 1241 1686 1522 1752; x_wconf 81' lang='lat' dir='ltr'>repertum,</span> 
     </span>
     <span class='ocr_line' id='line_1_12' title="bbox 151 1748 1480 1820; baseline 0.005 -20"><span class='ocrx_word' id='word_1_38' title='bbox 151 1748 343 1800; x_wconf 78' lang='lat' dir='ltr'>Omnia</span> <span class='ocrx_word' id='word_1_39' title='bbox 365 1748 591 1803; x_wconf 73' lang='lat' dir='ltr'>veridico</span> <span class='ocrx_word' id='word_1_40' title='bbox 615 1750 707 1817; x_wconf 86' lang='lat' dir='ltr'>qui</span> <span class='ocrx_word' id='word_1_41' title='bbox 731 1750 994 1818; x_wconf 78' lang='lat' dir='ltr'>quondam</span> <span class='ocrx_word' id='word_1_42' title='bbox 1017 1769 1085 1803; x_wconf 86' lang='lat' dir='ltr'>ex</span> <span class='ocrx_word' id='word_1_43' title='bbox 1109 1768 1195 1804; x_wconf 92' lang='lat' dir='ltr'>ore</span> <span class='ocrx_word' id='word_1_44' title='bbox 1219 1753 1480 1820; x_wconf 84' lang='lat' dir='ltr'>profudit:</span> 
     </span>
     <span class='ocr_line' id='line_1_13' title="bbox 150 1818 1332 1902; baseline 0.003 -33"><span class='ocrx_word' id='word_1_45' title='bbox 150 1818 312 1886; x_wconf 81' lang='lat' dir='ltr'>Cujus</span> <span class='ocrx_word' id='word_1_46' title='bbox 334 1823 391 1871; x_wconf 88' lang='lat' dir='ltr'>et</span> <span class='ocrx_word' id='word_1_47' title='bbox 413 1818 663 1871; x_wconf 74' lang='lat' dir='ltr'>exstincti</span> <span class='ocrx_word' id='word_1_48' title='bbox 686 1825 898 1888; x_wconf 88' lang='lat' dir='ltr'>propter</span> <span class='ocrx_word' id='word_1_49' title='bbox 920 1819 1103 1872; x_wconf 79' lang='lat' dir='ltr'>divina</span> <span class='ocrx_word' id='word_1_50' title='bbox 1125 1827 1332 1902; x_wconf 72' lang='lat' dir='ltr'>reperta.</span> 
     </span>
     <span class='ocr_line' id='line_1_14' title="bbox 149 1885 1440 1957; baseline 0.004 -19"><span class='ocrx_word' id='word_1_51' title='bbox 149 1885 441 1955; x_wconf 74' lang='lat' dir='ltr'>Divulgata</span> <span class='ocrx_word' id='word_1_52' title='bbox 463 1892 615 1940; x_wconf 83' lang='lat' dir='ltr'>vetus</span> <span class='ocrx_word' id='word_1_53' title='bbox 630 1889 745 1956; x_wconf 73' lang='lat' dir='ltr'>jam</span> <span class='ocrx_word' id='word_1_54' title='bbox 767 1887 836 1941; x_wconf 74' lang='lat' dir='ltr'>ad</span> <span class='ocrx_word' id='word_1_55' title='bbox 860 1889 1051 1941; x_wconf 86' lang='lat' dir='ltr'>coelum</span> <span class='ocrx_word' id='word_1_56' title='bbox 1072 1889 1237 1957; x_wconf 81' lang='lat' dir='ltr'>gloria</span> <span class='ocrx_word' id='word_1_57' title='bbox 1260 1890 1440 1944; x_wconf 88' lang='lat' dir='ltr'>fertur.</span> 
     </span>
    </p>

    <p class='ocr_par' dir='ltr' id='par_1_10' title="bbox 153 1955 1826 2175">
     <span class='ocr_line' id='line_1_15' title="bbox 221 1955 1686 2027; baseline 0.003 -21"><span class='ocrx_word' id='word_1_58' title='bbox 221 1955 360 2008; x_wconf 76' lang='lat' dir='ltr'>Nam</span> <span class='ocrx_word' id='word_1_59' title='bbox 384 1971 545 2025; x_wconf 88' lang='lat' dir='ltr'>quum</span> <span class='ocrx_word' id='word_1_60' title='bbox 571 1956 707 2008; x_wconf 85' lang='lat' dir='ltr'>vidit</span> <span class='ocrx_word' id='word_1_61' title='bbox 730 1956 832 2023; x_wconf 88' lang='lat' dir='ltr'>hic,</span> <span class='ocrx_word' id='word_1_62' title='bbox 855 1957 924 2010; x_wconf 75' lang='lat' dir='ltr'>ad</span> <span class='ocrx_word' id='word_1_63' title='bbox 949 1958 1151 2011; x_wconf 84' lang='lat' dir='ltr'>victum</span> <span class='ocrx_word' id='word_1_64' title='bbox 1175 1975 1292 2027; x_wconf 85' lang='lat' dir='ltr'>quae</span> <span class='ocrx_word' id='word_1_65' title='bbox 1316 1959 1525 2027; x_wconf 77' lang='lat' dir='ltr'>flagitat</span> <span class='ocrx_word' id='word_1_66' title='bbox 1551 1978 1686 2027; x_wconf 84' lang='lat' dir='ltr'>usus,</span> 
     </span>
     <span class='ocr_line' id='line_1_16' title="bbox 154 2023 1826 2096; baseline 0.005 -21"><span class='ocrx_word' id='word_1_67' title='bbox 154 2023 343 2076; x_wconf 79' lang='lat' dir='ltr'>Omnia.</span> <span class='ocrx_word' id='word_1_68' title='bbox 357 2025 472 2093; x_wconf 80' lang='lat' dir='ltr'>jam</span> <span class='ocrx_word' id='word_1_69' title='bbox 495 2024 657 2077; x_wconf 80' lang='lat' dir='ltr'>ferme</span> <span class='ocrx_word' id='word_1_70' title='bbox 680 2025 988 2078; x_wconf 80' lang='lat' dir='ltr'>mortalibus</span> <span class='ocrx_word' id='word_1_71' title='bbox 1013 2044 1122 2080; x_wconf 82' lang='lat' dir='ltr'>esse</span> <span class='ocrx_word' id='word_1_72' title='bbox 1145 2034 1344 2096; x_wconf 77' lang='lat' dir='ltr'>parata,</span> <span class='ocrx_word' id='word_1_73' title='bbox 1759 2034 1826 2083; x_wconf 90' lang='lat'>10</span> 
     </span>
     <span class='ocr_line' id='line_1_17' title="bbox 153 2093 1431 2175; baseline 0.005 -31"><span class='ocrx_word' id='word_1_74' title='bbox 153 2093 224 2145; x_wconf 87' lang='lat' dir='ltr'>Et</span> <span class='ocrx_word' id='word_1_75' title='bbox 245 2110 339 2161; x_wconf 85' lang='lat' dir='ltr'>per</span> <span class='ocrx_word' id='word_1_76' title='bbox 360 2110 479 2162; x_wconf 77' lang='lat' dir='ltr'>quae</span> <span class='ocrx_word' id='word_1_77' title='bbox 502 2100 714 2175; x_wconf 73' lang='lat' dir='ltr'>possent</span> <span class='ocrx_word' id='word_1_78' title='bbox 737 2094 903 2147; x_wconf 79' lang='lat' dir='ltr'>vitam</span> <span class='ocrx_word' id='word_1_79' title='bbox 927 2097 1207 2149; x_wconf 78' lang='lat' dir='ltr'>consistere</span> <span class='ocrx_word' id='word_1_80' title='bbox 1230 2102 1431 2150; x_wconf 83' lang='lat' dir='ltr'>tutam:</span> 
     </span>
    </p>

    <p class='ocr_par' dir='ltr' id='par_1_11' title="bbox 151 2162 1453 2233">
     <span class='ocr_line' id='line_1_18' title="bbox 151 2162 1453 2233; baseline 0.002 -18"><span class='ocrx_word' id='word_1_81' title='bbox 151 2162 366 2215; x_wconf 83' lang='lat' dir='ltr'>Divitiis</span> <span class='ocrx_word' id='word_1_82' title='bbox 388 2163 639 2229; x_wconf 73' lang='lat' dir='ltr'>homineS,</span> <span class='ocrx_word' id='word_1_83' title='bbox 663 2167 717 2215; x_wconf 92' lang='lat' dir='ltr'>et</span> <span class='ocrx_word' id='word_1_84' title='bbox 739 2163 933 2215; x_wconf 85' lang='lat' dir='ltr'>honore</span> <span class='ocrx_word' id='word_1_85' title='bbox 956 2169 1010 2216; x_wconf 89' lang='lat' dir='ltr'>et</span> <span class='ocrx_word' id='word_1_86' title='bbox 1032 2164 1192 2217; x_wconf 81' lang='lat' dir='ltr'>laude</span> <span class='ocrx_word' id='word_1_87' title='bbox 1214 2171 1453 2233; x_wconf 86' lang='lat' dir='ltr'>potentes</span> 
     </span>
    </p>

    <p class='ocr_par' dir='ltr' id='par_1_12' title="bbox 154 2230 1467 2300">
     <span class='ocr_line' id='line_1_19' title="bbox 154 2230 1467 2300; baseline 0.002 -16"><span class='ocrx_word' id='word_1_88' title='bbox 154 2230 392 2298; x_wconf 82' lang='lat' dir='ltr'>Affiuere,</span> <span class='ocrx_word' id='word_1_89' title='bbox 416 2236 576 2300; x_wconf 78' lang='lat' dir='ltr'>atque</span> <span class='ocrx_word' id='word_1_90' title='bbox 597 2231 732 2284; x_wconf 80' lang='lat' dir='ltr'>bona.</span> <span class='ocrx_word' id='word_1_91' title='bbox 755 2237 999 2284; x_wconf 85' lang='lat' dir='ltr'>natorum</span> <span class='ocrx_word' id='word_1_92' title='bbox 1023 2233 1275 2285; x_wconf 84' lang='lat' dir='ltr'>excellere</span> <span class='ocrx_word' id='word_1_93' title='bbox 1298 2235 1467 2288; x_wconf 83' lang='lat' dir='ltr'><strong>fama:</strong></span> 
     </span>
    </p>

    <p class='ocr_par' dir='ltr' id='par_1_13' title="bbox 154 2299 1596 2372">
     <span class='ocr_line' id='line_1_20' title="bbox 154 2299 1596 2372; baseline 0.001 -19"><span class='ocrx_word' id='word_1_94' title='bbox 154 2300 263 2353; x_wconf 83' lang='lat' dir='ltr'>Nec</span> <span class='ocrx_word' id='word_1_95' title='bbox 284 2299 460 2352; x_wconf 83' lang='lat' dir='ltr'>minus</span> <span class='ocrx_word' id='word_1_96' title='bbox 483 2317 593 2352; x_wconf 87' lang='lat' dir='ltr'>esse</span> <span class='ocrx_word' id='word_1_97' title='bbox 617 2299 758 2352; x_wconf 88' lang='lat' dir='ltr'>domi</span> <span class='ocrx_word' id='word_1_98' title='bbox 782 2299 1027 2369; x_wconf 80' lang='lat' dir='ltr'>cuiquam</span> <span class='ocrx_word' id='word_1_99' title='bbox 1051 2307 1231 2353; x_wconf 86' lang='lat' dir='ltr'>tamen</span> <span class='ocrx_word' id='word_1_100' title='bbox 1254 2304 1415 2355; x_wconf 80' lang='lat' dir='ltr'>anxia</span> <span class='ocrx_word' id='word_1_101' title='bbox 1438 2304 1596 2372; x_wconf 86' lang='lat' dir='ltr'>cordi,</span> 
     </span>
    </p>

    <p class='ocr_par' dir='ltr' id='par_1_14' title="bbox 155 2369 1447 2438">
     <span class='ocr_line' id='line_1_21' title="bbox 155 2369 1447 2438; baseline 0.002 -17"><span class='ocrx_word' id='word_1_102' title='bbox 155 2369 327 2438; x_wconf 81' lang='lat' dir='ltr'>Atque</span> <span class='ocrx_word' id='word_1_103' title='bbox 349 2369 514 2422; x_wconf 76' lang='lat' dir='ltr'>animi</span> <span class='ocrx_word' id='word_1_104' title='bbox 537 2369 760 2437; x_wconf 82' lang='lat' dir='ltr'>ingratis</span> <span class='ocrx_word' id='word_1_105' title='bbox 783 2369 950 2421; x_wconf 78' lang='lat' dir='ltr'>vitam</span> <span class='ocrx_word' id='word_1_106' title='bbox 973 2387 1165 2423; x_wconf 82' lang='lat' dir='ltr'>vexare</span> <span class='ocrx_word' id='word_1_107' title='bbox 1190 2371 1412 2438; x_wconf 84' lang='lat' dir='ltr'>querelis</span> <span class='ocrx_word' id='word_1_108' title='bbox 1432 2391 1447 2437; x_wconf 88' lang='lat'>;</span> 
     </span>
    </p>

    <p class='ocr_par' dir='ltr' id='par_1_15' title="bbox 157 2437 1413 2507">
     <span class='ocr_line' id='line_1_22' title="bbox 157 2437 1413 2507; baseline 0.002 -17"><span class='ocrx_word' id='word_1_109' title='bbox 157 2437 387 2506; x_wconf 74' lang='lat' dir='ltr'>Causam,</span> <span class='ocrx_word' id='word_1_110' title='bbox 412 2454 526 2506; x_wconf 84' lang='lat' dir='ltr'>quae</span> <span class='ocrx_word' id='word_1_111' title='bbox 550 2438 608 2490; x_wconf 90' lang='lat' dir='ltr'>in</span> <span class='ocrx_word' id='word_1_112' title='bbox 631 2437 779 2490; x_wconf 87' lang='lat' dir='ltr'>festis</span> <span class='ocrx_word' id='word_1_113' title='bbox 804 2439 946 2506; x_wconf 83' lang='lat' dir='ltr'>cogit</span> <span class='ocrx_word' id='word_1_114' title='bbox 969 2439 1150 2491; x_wconf 79' lang='lat' dir='ltr'>saevire</span> <span class='ocrx_word' id='word_1_115' title='bbox 1175 2440 1413 2507; x_wconf 84' lang='lat' dir='ltr'>querelis,</span> 
     </span>
    </p>

    <p class='ocr_par' dir='ltr' id='par_1_16' title="bbox 158 2505 1333 2577">
     <span class='ocr_line' id='line_1_23' title="bbox 158 2505 1333 2577; baseline 0.002 -19"><span class='ocrx_word' id='word_1_116' title='bbox 158 2506 428 2559; x_wconf 78' lang='lat' dir='ltr'>Intellexit</span> <span class='ocrx_word' id='word_1_117' title='bbox 450 2505 554 2570; x_wconf 88' lang='lat' dir='ltr'>ibi;</span> <span class='ocrx_word' id='word_1_118' title='bbox 589 2506 783 2560; x_wconf 80' lang='lat' dir='ltr'>vitium</span> <span class='ocrx_word' id='word_1_119' title='bbox 807 2523 898 2559; x_wconf 80' lang='lat' dir='ltr'>vas</span> <span class='ocrx_word' id='word_1_120' title='bbox 916 2508 1124 2565; x_wconf 54' lang='lat' dir='ltr'>,efficere</span> <span class='ocrx_word' id='word_1_121' title='bbox 1147 2508 1333 2577; x_wconf 85' lang='lat' dir='ltr'>ipsum,</span> 
     </span>
    </p>

    <p class='ocr_par' dir='ltr' id='par_1_17' title="bbox 159 2575 1293 2644">
     <span class='ocr_line' id='line_1_24' title="bbox 159 2575 1293 2644; baseline 0.001 -17"><span class='ocrx_word' id='word_1_122' title='bbox 159 2575 309 2628; x_wconf 90' lang='lat' dir='ltr'>Omni</span> <span class='ocrx_word' id='word_1_123' title='bbox 378 2592 445 2628; x_wconf 87' lang='lat' dir='ltr'>ue</span> <span class='ocrx_word' id='word_1_124' title='bbox 467 2575 612 2628; x_wconf 84' lang='lat' dir='ltr'>illius</span> <span class='ocrx_word' id='word_1_125' title='bbox 637 2575 766 2628; x_wconf 84' lang='lat' dir='ltr'>vitio</span> <span class='ocrx_word' id='word_1_126' title='bbox 791 2577 1111 2644; x_wconf 86' lang='lat' dir='ltr'>corrumpier</span> <span class='ocrx_word' id='word_1_127' title='bbox 1133 2576 1293 2642; x_wconf 89' lang='lat' dir='ltr'>intus,</span> 
     </span>
    </p>

    <p class='ocr_par' dir='ltr' id='par_1_18' title="bbox 159 2643 1565 2711">
     <span class='ocr_line' id='line_1_25' title="bbox 159 2643 1565 2711; baseline 0.001 -16"><span class='ocrx_word' id='word_1_128' title='bbox 159 2643 282 2707; x_wconf 80' lang='lat' dir='ltr'>Quae</span> <span class='ocrx_word' id='word_1_129' title='bbox 306 2661 366 2697; x_wconf 89' lang='lat' dir='ltr'>co</span> <span class='ocrx_word' id='word_1_130' title='bbox 388 2645 499 2696; x_wconf 79' lang='lat' dir='ltr'>lata</span> <span class='ocrx_word' id='word_1_131' title='bbox 516 2644 647 2697; x_wconf 74' lang='lat' dir='ltr'>&#39;foris</span> <span class='ocrx_word' id='word_1_132' title='bbox 672 2649 727 2696; x_wconf 92' lang='lat' dir='ltr'>et</span> <span class='ocrx_word' id='word_1_133' title='bbox 751 2644 1022 2697; x_wconf 84' lang='lat' dir='ltr'>commoda.</span> <span class='ocrx_word' id='word_1_134' title='bbox 1047 2661 1271 2711; x_wconf 89' lang='lat' dir='ltr'>cumque</span> <span class='ocrx_word' id='word_1_135' title='bbox 1294 2643 1565 2707; x_wconf 82' lang='lat' dir='ltr'>venirent3</span> 
     </span>
    </p>

    <p class='ocr_par' dir='ltr' id='par_1_19' title="bbox 160 2710 1830 2783">
     <span class='ocr_line' id='line_1_26' title="bbox 160 2710 1830 2783; baseline 0.001 -19"><span class='ocrx_word' id='word_1_136' title='bbox 160 2711 371 2781; x_wconf 73' lang='lat' dir='ltr'>Partim,</span> <span class='ocrx_word' id='word_1_137' title='bbox 396 2713 538 2783; x_wconf 87' lang='lat' dir='ltr'>quod</span> <span class='ocrx_word' id='word_1_138' title='bbox 560 2712 769 2765; x_wconf 86' lang='lat' dir='ltr'>fluxum</span> <span class='ocrx_word' id='word_1_139' title='bbox 790 2716 1171 2781; x_wconf 81' lang='lat' dir='ltr'>pertusumque</span> <span class='ocrx_word' id='word_1_140' title='bbox 1194 2727 1303 2764; x_wconf 85' lang='lat' dir='ltr'>esse</span> <span class='ocrx_word' id='word_1_141' title='bbox 1326 2710 1552 2778; x_wconf 80' lang='lat' dir='ltr'>videbat,</span> <span class='ocrx_word' id='word_1_142' title='bbox 1759 2715 1830 2765; x_wconf 83' lang='lat'>20</span> 
     </span>
    </p>
   </div>
  </div>
 </body>
</html>
