2084 3000
198 170 269 241 4'2
830 186 887 240 vr.
924 184 1260 238 monam

188 280 433 357 Cogitur,
457 289 626 341 aiirias
651 288 790 357 quod
813 288 888 341 sic
909 287 1207 340 diverberat
1219 291 1247 320 θ
1268 286 1439 340 undas
1453 326 1467 341 .

201 357 314 410 Nec
337 357 648 425 singillatim
671 357 979 434 corpuscula
1002 372 1227 424 quaeque
1250 356 1472 424 vaporis,

203 424 306 481 sed
329 426 602 494 complexa
624 431 805 479 meant
827 425 968 477 inter
988 441 1061 491 se,
1085 441 1287 493 conque
1309 424 1536 492 globata.

204 494 535 562 Quapropter
557 494 714 547 simul
735 494 876 546 inter
896 509 952 545 se
974 493 1334 561 retrahuntur,
1357 498 1414 545 et
1436 500 1589 546 extra

205 561 534 629 efficiuntur,
557 563 643 615 uti
666 568 923 630 cogantur
946 561 1151 614 tardius
1174 562 1265 614 ire.

201 629 292 697 At,
316 647 432 699 quae
456 637 580 684 sunt
604 631 769 684 solida
792 630 1077 700 primordia
1100 630 1452 699 simplicitate,

205 699 383 762 Quum
404 715 500 769 per
520 700 679 754 inane
701 705 882 754 meant
905 715 1148 765 vacuum,
1170 715 1270 751 nec
1291 715 1375 751 res
1395 703 1687 751 remoratur

203 766 329 821 Ulla
349 769 489 836 foris,
513 775 674 838 atque
694 769 825 839 ipsa,
850 768 957 820 suis
981 785 1011 819 e
1032 766 1274 836 partibus
1295 782 1480 834 unum,

203 834 385 890 'Unum
406 838 465 890 in
487 855 646 906 quem
667 853 866 908 coepere
889 837 1077 903 locum,
1101 836 1329 888 connixa
1349 835 1626 899 feruntur-3

202 902 410 958 Debent
431 907 683 958 nimirum
705 905 999 974 praecellere
1019 903 1330 971 mobilitate,
1781 907 1887 956 160

201 972 276 1025 Et
297 974 467 1027 multo
491 975 646 1026 citius
668 974 809 1040 ferri,
834 989 994 1041 quam
1015 973 1222 1025 lumina
1241 973 1381 1041 solis,

204 1040 599 1110 Multiplexque
622 1042 725 1093 loci
748 1042 977 1111 spatium
1001 1048 1355 1095 transcurrere
1377 1041 1558 1094 eodem

203 1108 468 1179 Tempore,
492 1127 596 1179 quo
620 1109 741 1162 solis
763 1110 1081 1179 pervulgant
1102 1110 1318 1178 fulgura
1340 1111 1546 1164 coelum.

202 1176 342 1231 Nam
364 1195 534 1247 neque
558 1179 771 1232 consilio
795 1179 987 1232 debent
1010 1179 1222 1232 tardata
1243 1180 1450 1246 morari,

202 1245 314 1299 Nec
337 1249 617 1328 persectari
640 1248 926 1316 primordia
949 1248 1161 1316 singula
1181 1264 1418 1316 quaeque,

204 1315 280 1368 Ut
303 1316 534 1384 videant,
558 1333 665 1385 qua
688 1318 918 1387 quidque
941 1323 1158 1384 geratur
1177 1333 1301 1369 oum
1327 1317 1546 1370 ratione.

272 1385 347 1438 At
369 1384 586 1453 quidam
609 1392 792 1440 contra
813 1387 927 1438 haec
950 1385 1140 1454 ignari,
1161 1386 1406 1439 materiai

204 1452 464 1508 Naturam
485 1472 591 1508 non
614 1472 761 1524 posse
785 1454 945 1509 desim
968 1455 1081 1507 sine
1104 1455 1323 1508 numine
1341 1454 1495 1507 reddi

204 1522 495 1593 'l'antopere
517 1525 763 1578 humanis
784 1524 1090 1591 rationibus,
1115 1541 1177 1577 ac
1198 1525 1353 1577 modo
1375 1531 1493 1577 rata

204 1592 459 1661 'l'empora
480 1601 686 1647 mutare
710 1611 981 1661 annorum,
1005 1594 1285 1661 frugesque
1307 1609 1512 1656 creare3
1781 1594 1885 1646 170

204 1660 276 1714 Et
291 1663 406 1729 jam
429 1668 614 1728 cetera,
637 1664 883 1716 mortales
907 1677 1023 1730 quae
1050 1662 1234 1715 suadet
1257 1662 1417 1729 adire,

206 1728 235 1781 I
273 1747 432 1798 saque
456 1730 670 1784 deducit
694 1731 806 1783 dux
829 1732 971 1798 vitae,
996 1731 1087 1784 dia
1108 1731 1368 1799 voluptas,

205 1747 281 1850 [R.
302 1815 384 1850 res
406 1815 501 1866 per
525 1799 743 1850 Veneris
764 1797 1047 1852 blanditim
1069 1798 1224 1853 saecla
1245 1804 1553 1868 propagent,

206 1866 259 1919 N
259 1883 288 1918 e
311 1882 477 1934 genus
500 1866 705 1919 occidat
727 1867 1046 1921 humanum:
1084 1885 1308 1937 quorum
1330 1868 1506 1920 omnia
1529 1885 1688 1921 causa

207 1934 549 1987 Constituisse
573 1935 694 1987 deos
717 1952 882 2003 quum
904 1937 1133 2005 fingunt,
1156 1936 1386 1989 omnibu’
1408 1936 1563 1989 rebus

206 2002 526 2072 Magnopere
549 2020 583 2056 a
606 2020 730 2057 vera
751 2005 886 2075 lapsi
909 2007 1113 2058 ratione
1137 2005 1399 2058 videntur.

205 2070 345 2125 Nam
368 2073 607 2140 quamvis
628 2090 803 2127 rerum
825 2075 1061 2143 ignorem
1083 2074 1369 2143 primordia
1392 2090 1507 2142 quae
1532 2074 1653 2141 sint,

209 2139 326 2193 Hoc
350 2147 528 2194 tamen
551 2158 620 2194 ex
643 2143 770 2211 ipsis
794 2143 912 2196 coeli
933 2143 1227 2196 rationibus
1250 2143 1420 2195 ausim

207 2208 522 2263 Confirmata
543 2211 765 2279 aliisque
787 2229 855 2264 ex
876 2212 1031 2265 rebus
1053 2211 1270 2264 reddere
1292 2211 1492 2279 multis,

206 2278 554 2348 Nequaquam
578 2280 725 2333 nobis
749 2280 1007 2334 divinitus
1030 2297 1141 2333 esse
1164 2286 1395 2334 creatam
1784 2281 1886 2332 180

207 2346 470 2401 Naturam
492 2349 712 2402 mundi:
748 2366 1054 2418 quanquam
1076 2349 1191 2401 haec
1214 2349 1323 2401 sint
1345 2349 1570 2418 praedita
1593 2347 1779 2417 culpa3

208 2416 337 2479 Quae
360 2415 462 2469 tibi
484 2418 756 2485 posterius,
783 2416 1020 2483 Memmi,
1042 2418 1298 2469 faciemus
1321 2424 1519 2487 aperta.

206 2483 363 2536 Nunc
386 2485 458 2552 id,
482 2486 620 2554 quod
645 2492 879 2552 superest
903 2484 968 2535 de
989 2483 1234 2550 motibus,
1258 2485 1610 2552 expediemus.

720 2571 740 2593 ⁸
766 2567 878 2618 qnod
896 2567 958 2606 sol
977 2567 1234 2615 diverberau
1263 2568 1360 2609 ΜΕ.
