2084 3000
798 164 1263 219 ARGUMENTA.
1795 166 1869 220 vii

198 284 501 348 167—183]‚
518 285 640 333 redit
667 286 728 333 ad
757 287 979 349 superius
1008 293 1365 347 argumentum,
1385 286 1665 346 asseritque,
1689 293 1873 334 atomos

193 366 310 414 ferri
331 367 382 413 in
402 366 565 414 locum
594 365 866 413 inferiorem
892 364 961 427 [v.
989 362 1294 428 1842-215];
1330 366 1519 412 easdem
1544 381 1573 412 a
1596 374 1725 413 recta
1746 365 1873 413 linea

194 448 436 495 declinare
457 448 658 495 minimo
680 448 932 495 intervallo
978 445 1048 508 [v.
1074 445 1371 509 216-220].
1441 447 1587 496 Quod
1609 447 1702 494 nisi
1723 447 1869 494 decli·

192 536 380 587 natent,
402 529 527 577 nihil
550 544 762 593 unquam
787 532 1004 587 oriretur,
1025 533 1251 592 quoniam
1275 531 1486 578 adhaesio
1508 531 1644 578 nulla
1668 537 1717 578 et
1738 546 1868 578 com-

191 610 354 672 plexio
384 610 549 658 locum
580 610 802 665 haberet3
846 610 969 657 nihil
1001 610 1210 657 liberum
1242 609 1517 656 hominibus
1550 617 1690 666 esset,
1714 626 1868 672 quum

192 694 262 742 ita
282 699 553 740 moveretur
572 691 779 750 animus,
804 699 859 739 ut
887 698 1159 739 atomorum
1188 699 1325 738 motu
1347 700 1594 753 cogeretur
1616 691 1688 754 [v.
1711 695 1871 741 221—

194 772 333 835 293}
402 773 644 822 Feruntur
674 773 879 835 denique
912 772 1077 819 eodem
1109 771 1257 818 atomi
1293 778 1441 828 motu,
1476 788 1572 834 quo
1606 773 1667 819 ab
1692 779 1871 822 aetcrno

191 853 492 908 ferebantu13
545 869 648 911 nec,
705 854 820 914 quia
861 860 1023 900 motus
1073 867 1169 899 non
1213 853 1345 900 videt
1393 853 1571 900 idcirco
1614 855 1870 916 quisquam

192 933 308 980 huic
356 932 569 996 opinioni
614 933 753 981 debet
797 933 1052 989 adversari,
1096 948 1248 995 quum
1304 933 1407 996 ipsa
1461 933 1645 981 semina
1689 934 1868 996 perpri

192 1027 289 1060 non
340 1019 541 1075 possunt
596 1011 668 1074 [v.
725 1011 1026 1075 294—332].
1123 1012 1292 1060 Altera
1343 1013 1703 1062 individuorum
1763 1029 1866 1061 cor-

191 1093 505 1156 pusculorum
546 1093 731 1142 affectio
774 1093 825 1140 in
868 1094 1023 1155 figura
1060 1093 1268 1140 cernitur
1302 1092 1372 1154 [v.
1408 1094 1723 1156 333—341]:
1773 1109 1870 1156 qua

191 1181 428 1236 quantum
465 1174 591 1221 inter
623 1189 673 1221 se
707 1170 939 1229 differant,
970 1187 1029 1220 ex
1063 1187 1121 1220 eo
1149 1172 1449 1235 intelligitur,
1477 1174 1603 1235 quod
1639 1188 1730 1229 res,
1761 1174 1866 1220 ani-

191 1261 336 1301 matae
377 1255 549 1316 pariter
585 1260 728 1315 atque
762 1253 1057 1310 inanimatae,
1093 1252 1406 1300 diversimode
1455 1252 1690 1314 figuratae,
1725 1259 1863 1299 natu-

191 1349 338 1396 raque
360 1349 449 1381 sua
469 1341 517 1381 et
540 1333 710 1381 effectu
733 1333 931 1380 diversae
956 1339 1070 1379 sunt
1092 1331 1161 1394 [v.
1187 1330 1488 1394 342—425].
1546 1331 1718 1392 Itaque
1740 1331 1867 1393 quod

193 1416 300 1463 aliae
343 1422 454 1463 sunt
485 1415 694 1462 hamatae
734 1422 781 1461 et
817 1429 996 1475 asperae
1041 1413 1206 1471 atomi,
1244 1413 1352 1460 aliae
1397 1413 1526 1459 leves
1565 1418 1613 1459 et
1646 1406 1863 1459 rotundae

194 1501 300 1552 etc„
331 1493 442 1542 inde
480 1493 835 1557 explicandum,
859 1509 968 1557 quae
1005 1493 1173 1555 figurae
1210 1507 1389 1549 amara,
1412 1506 1523 1554 quae
1554 1489 1728 1548 dulcia,
1748 1506 1857 1553 quae

194 1577 330 1631 dura,
365 1591 474 1638 quae
517 1574 685 1623 mollia
719 1589 914 1636 corpora
947 1578 1240 1635 componant
1276 1570 1347 1633 [v.
1392 1567 1693 1633 426—476].
1761 1569 1811 1617 N
1814 1586 1867 1618 ec

192 1671 306 1703 vero
338 1656 445 1703 haec
483 1654 744 1714 figurarum
781 1654 984 1701 varietas
1020 1661 1093 1700 est
1129 1651 1340 1706 infinitam
1386 1648 1672 1711 corpuscula
1706 1656 1867 1698 tamen

194 1732 409 1793 ejusdem
440 1731 609 1792 figurae
651 1730 841 1777 infinita
873 1735 1012 1777 suntz
1059 1744 1085 1776 e
1119 1742 1327 1791 quorum
1365 1733 1597 1790 perpetuo
1630 1741 1867 1775 concursu

192 1812 406 1858 mundus
430 1810 670 1873 perfectus
696 1815 784 1866 est,
806 1823 979 1871 resque
1013 1808 1281 1869 gignuntur
1304 1805 1376 1869 [v.
1402 1805 1702 1869 477—5803.
1771 1806 1866 1853 Sed

192 1908 269 1940 res
290 1906 447 1953 neque
468 1905 526 1938 ex
543 1904 641 1936 uno
662 1901 834 1951 genere
850 1887 1215 1950 principiorum,
1228 1902 1385 1948 neque
1401 1902 1461 1934 ex
1479 1886 1703 1933 omnibus
1722 1887 1869 1933 unius

194 1975 362 2035 figurae
387 1980 434 2020 et
454 1971 692 2020 similibus
714 1971 962 2034 principiis
983 1977 1229 2025 constant3
1266 1969 1349 2017 sed
1372 1969 1539 2016 insunt
1559 1968 1610 2016 in
1633 1967 1868 2017 concretis

193 2054 445 2116 quibusvis
464 2054 707 2101 variarum
729 2052 993 2114 figurarum
1014 2050 1276 2114 principia:
1312 2049 1439 2112 quod
1466 2049 1641 2111 partim
1666 2048 1868 2096 historia

192 2133 399 2181 naturali
428 2132 632 2189 telluris,
666 2133 840 2195 partim
859 2132 1130 2194 ·allegorica
1159 2130 1367 2194 quadam
1400 2130 1555 2193 mythi
1590 2129 1648 2177 de
1682 2128 1865 2191 Cybele

190 2213 578 2275 interpretatione
597 2212 863 2261 illustratur
884 2211 954 2275 [v.
971 2210 1273 2274 581—728J.
1314 2211 1476 2266 Porro,
1492 2217 1669 2272 praeter
1680 2209 1868 2273 pondus

192 2304 240 2345 et
260 2296 479 2358 figuram,
502 2295 741 2344 elementa
760 2310 921 2343 rerum
954 2308 1052 2342 non
1082 2294 1261 2341 habent
1293 2292 1557 2349 sensibiles,
1582 2306 1702 2354 quas
1721 2305 1865 2338 voca-

192 2393 319 2435 mus,
350 2377 619 2440 qualitates,
647 2377 856 2425 colorem
888 2375 1126 2432 videlicet,
1160 2388 1392 2436 saporem,
1427 2372 1595 2433 frigus,
1630 2369 1866 2424 calorem

192 2475 280 2507 nec
302 2475 449 2508 sensu
469 2458 671 2521 praedita
691 2464 828 2505 sunt:
855 2455 1078 2519 quamvis
1095 2469 1171 2502 res
1193 2454 1429 2509 coloratae,
1446 2450 1640 2512 sapidae,
1658 2449 1865 2511 frigidae,

192 2538 363 2586 calidae
385 2546 434 2587 et
454 2539 701 2588 sensibiles
724 2554 782 2586 ex
804 2538 865 2585 iis
886 2537 1148 2599 gignantur
1172 2532 1242 2596 [v.
1267 2529 1596 2591 729—1021J.
1641 2529 1868 2593 Denique

192 2618 395 2668 infinitae
418 2621 581 2679 atomi,
602 2635 688 2684 per
707 2619 953 2667 infinitum
974 2617 1118 2664 inane
1137 2615 1406 2667 volitantes,
1427 2611 1641 2658 infinitos
1659 2610 1868 2658 mundos
