2084 3000
739 189 954 241 LIBER
988 189 1267 242 SEXTUS.
1741 193 1843 241 205

165 292 238 344 Et
261 307 377 359 quae
401 295 739 346 concrescunt
762 290 819 341 in
844 289 1070 342 nubibus
1094 290 1284 356 omnia,
1308 306 1548 357 prorsum

168 360 372 426 Omnia,
397 360 508 425 nix,
533 360 693 422 venti,
709 359 926 426 grando,
950 358 1242 426 gelidaeque
1267 358 1487 426 pruinae,

166 429 238 481 Et
261 429 340 481 vis
365 445 559 495 magna
582 428 703 494 geli,
726 445 981 494 magnum
1006 427 1260 479 duramen
1284 444 1555 494 aquarum,
1738 430 1841 480 530

165 497 238 549 Et
261 513 426 563 mora,
451 514 569 564 quae
591 496 776 547 fluvios
801 496 995 563 passim
1018 496 1250 547 refrenat
1273 502 1486 547 aventes
1502 496 1562 547 ¹¹:

164 565 421 618 Perfacile
445 570 524 617 est
547 570 727 617 tamen
748 564 862 615 haec
884 565 1110 631 reperire
1134 565 1411 631 animoque
1435 564 1626 629 videre,

166 634 359 686 Omnia
382 650 485 701 quo
512 639 666 701 pacto
690 633 837 694 fiant,
863 648 1091 699 quareve
1115 638 1372 698 creentur,

165 702 347 763 Quum
368 702 499 754 bene
523 702 775 779 cognoriS,
799 700 1070 753 elementis
1093 700 1301 753 reddita
1324 718 1440 768 quse
1465 701 1586 754 sint.

787 818 869 872 De
892 827 1193 872 terraemotu.

233 906 390 958 Nunc
413 922 524 973 age,
551 922 670 973 quae
691 904 827 956 ratio
851 906 1011 956 terrai
1037 902 1267 955 motibus
1292 907 1477 966 exstet,

164 973 407 1043 Percipe:
434 981 487 1026 et
510 974 568 1026 in
592 973 774 1042 primis
799 979 992 1025 terram
1016 972 1102 1024 fac
1125 978 1187 1024 ut
1212 989 1320 1024 esse
1343 974 1507 1024 rearis

163 1043 354 1096 Subter
371 1044 514 1110 item,
538 1049 600 1095 ut
625 1060 814 1111 supera
837 1042 1065 1095 ventosis
1084 1041 1317 1109 undique
1338 1041 1549 1109 plenam

165 1112 440 1180 Speluncis
460 1131 474 1176 ;
509 1112 806 1180 multosque
829 1111 977 1164 lacus
1000 1110 1297 1178 multasque
1322 1110 1539 1163 lacunas

164 1181 231 1233 In
254 1181 450 1248 gremio
475 1197 651 1247 gerere
675 1185 729 1232 et
752 1197 910 1247 rupes
935 1179 1251 1247 diruptaque
1276 1195 1432 1242 saxa;

162 1249 442 1317 Multaque
467 1248 562 1299 sub
587 1254 733 1314 tergo
759 1250 918 1299 terrai
942 1245 1164 1297 flumina
1189 1253 1330 1298 tecta
1729 1251 1797 1299 54
1819 1255 1831 1292 )

163 1317 383 1371 Volvere
407 1317 461 1369 vi
483 1316 674 1368 fluctus
698 1314 1063 1381 submersaque
1089 1331 1217 1365 saxa
1239 1314 1535 1381 putandum
1560 1322 1663 1368 est:

139 1386 409 1455 ·Undique
432 1385 573 1437 enim
598 1382 820 1435 similem
845 1399 953 1434 esse
977 1382 1076 1449 sui,
1099 1399 1181 1433 res
1205 1382 1438 1450 postulat
1462 1383 1588 1449 ipsa.

232 1456 332 1508 His
358 1454 520 1523 igitur
542 1451 697 1506 rebus
722 1451 1014 1521 subjunctis
1039 1450 1439 1520 suppositisque,

162 1524 322 1577 Terra
346 1540 567 1592 superne
592 1521 793 1588 tremit,
812 1520 1017 1587 magnis
1045 1536 1295 1572 concussa
1317 1520 1485 1571 ruinis

160 1593 364 1660 Subter,
389 1592 481 1644 ubi
504 1591 743 1659 ingentes
767 1590 1038 1658 speluncas
1064 1588 1269 1641 subruit
1294 1594 1445 1640 setas:

164 1662 370 1730 Quippe
395 1660 593 1713 cadunt
616 1660 717 1711 toti
740 1665 959 1725 montes,
983 1674 1277 1726 magnoque
1300 1661 1516 1724 repente

162 1730 423 1782 Concussu
446 1730 554 1781 late
579 1728 875 1797 disserpunt
899 1726 1021 1778 inde
1047 1731 1320 1778 tremores:

161 1797 232 1850 Et
254 1798 467 1862 merito;
497 1796 746 1866 quoniam
770 1795 1021 1865 plaustris.
1041 1812 1291 1847 concussa
1314 1793 1624 1846 tremiscunt

160 1865 322 1918 Tecta
345 1866 485 1918 viam
509 1873 721 1935 propter
742 1882 848 1917 non
873 1881 1063 1932 magno
1086 1864 1313 1932 pondere
1338 1869 1479 1926 tota;

159 1935 211 1986 N
212 1952 270 1986 ec
292 1935 467 1986 minus
491 1934 761 1987 exsultant
785 1932 936 2001 πάθε,
956 1932 1045 1985 ubi
1070 1950 1292 2001 cumque
1316 1932 1555 2000 equitum
1579 1933 1658 1985 vis
1729 1937 1832 1986 550

161 2003 400 2054 Fen-atos
423 2003 687 2071 utrimque
710 2010 943 2056 rotarum
968 2003 1197 2054 succutit
1220 2001 1380 2055 orbes.

231 2071 321 2123 Fit
347 2087 565 2139 quoque,
590 2071 680 2124 ubi
702 2089 919 2139 magnas
943 2071 1001 2122 in
1023 2089 1171 2151 aquae
1195 2076 1472 2139 vastasque
1495 2071 1713 2124 lacunas

160 2139 325 2192 Gleba
347 2145 611 2193 vetustate
635 2157 664 2192 e
689 2146 829 2192 terra
852 2139 1178 2207 provolvitur
1201 2140 1403 2206 ingens,

160 2208 236 2260 Ut
252 2209 489 2275 jactetur
511 2225 660 2275 aquae
683 2207 852 2260 fluctu
876 2224 1082 2274 quoque
1104 2213 1247 2260 terra
1268 2207 1556 2271 vacillans;

165 2276 235 2328 Ut
259 2293 351 2329 vas
374 2276 431 2328 in
456 2282 595 2328 terra
619 2294 723 2328 non
748 2275 866 2344 quit
889 2281 1140 2342 constare,
1164 2276 1268 2327 nisi
1290 2276 1477 2328 humor

157 2343 378 2397 Destitit
401 2345 458 2397 in
482 2345 640 2397 dubio
662 2345 830 2396 fluctu
847 2344 1099 2412 jactarier
1120 2343 1279 2396 intus.

227 2413 502 2480 Praeterea,
527 2420 714 2466 ventus
738 2429 900 2480 quum
925 2429 1019 2479 per
1041 2411 1156 2464 loca
1179 2412 1406 2464 subcava
1429 2417 1581 2464 terrae

159 2481 418 2535 Collectus
442 2486 593 2550 parte
617 2498 685 2533 ex
708 2498 818 2533 una
841 2480 1158 2549 procumbit,
1183 2486 1236 2532 et
1260 2487 1414 2547 urget

160 2549 399 2603 Obnixus
421 2567 510 2601 ma
548 2550 631 2601 nis
656 2549 931 2617 speluncas
955 2546 1154 2600 viribus
1180 2548 1345 2612 altas3
1835 2610 1838 2613 Ι

161 2618 427 2672 Incumbit
451 2623 503 2671 te
548 2634 625 2685 us,
647 2635 750 2687 quo
773 2617 921 2672 venti
943 2630 1109 2684 prona
1132 2617 1323 2685 premit
1347 2616 1458 2670 vis:
1727 2622 1831 2672 560

795 2701 819 2733 t
845 2706 1073 2754 equum-5
1100 2702 1195 2743 MS.
