2084 3000
722 187 938 240 LIBER
973 186 1351 241 SECUNDUS.
1768 189 1835 238 45

141 286 214 339 Et
238 293 417 340 vetere
441 288 679 340 exoritur
702 305 903 356 semper
926 306 1094 341 novus
1117 289 1299 341 ordine
1323 293 1479 354 certo,

141 355 255 408 Nec
280 356 594 409 declinando
617 357 825 408 faciunt
847 357 1135 425 primordia
1156 364 1333 410 motus

143 423 474 492 Principium
499 426 779 492 quoddam,
807 427 945 492 quod
967 426 1071 478 fati
1093 427 1291 478 foedera
1313 430 1542 494 rumpat,

144 492 230 544 Ex
254 493 465 545 infinito
488 510 556 545 ne
581 510 791 545 causam
816 510 974 546 causa
998 502 1276 562 sequatur:

144 560 334 614 Libera
357 579 452 630 per
476 568 640 614 terras
664 561 803 614 unde
827 563 939 613 haec
963 564 1324 615 animantibus
1349 567 1538 630 exstat,

144 630 302 681 Unde
327 636 406 682 est
429 630 557 698 haec,
581 631 813 698 inquam,
837 631 965 683 fatis
989 632 1175 683 avulsa
1199 632 1457 698 voluntaS,

145 697 250 750 Per
274 716 434 767 quam
457 700 831 768 progredimur,
857 715 959 766 quo
983 699 1133 751 ducit
1157 716 1416 768 quemque
1440 699 1714 768 voluptas;

145 766 489 819 Declinamus
511 769 642 819 item
665 773 856 834 motus,
879 785 978 820 nec
1002 772 1238 836 tempore
1262 774 1417 835 certo,

146 834 259 887 Nec
284 836 494 902 regione
518 836 619 888 loci
643 843 801 902 certa,
827 837 918 887 sed
941 837 1034 888 ubi
1059 837 1174 905 ipsa
1197 836 1327 888 tulit
1349 835 1538 888 mens?
1726 840 1829 890 260

149 903 290 956 Nam
316 905 475 957 dubio
498 905 681 973 procul
704 905 788 957 his
811 905 965 957 rebus
991 922 1085 957 sua
1109 906 1296 973 cuique
1320 906 1564 957 voluntas

149 972 477 1041 Principium
502 974 619 1026 dat:
659 980 713 1025 et
735 973 860 1026 hinc
882 980 1057 1026 motus
1082 991 1174 1042 per
1197 973 1430 1027 membra
1452 975 1695 1042 rigantur
1710 977 1737 1027 f.

147 1041 338 1093 Nonne
361 1043 509 1094 vides
532 1043 707 1109 etiam,
730 1042 1009 1110 patefactis
1034 1048 1266 1111 tempore
1289 1048 1486 1111 puncto

149 1110 467 1177 carceribuS,
490 1128 596 1162 non
619 1128 767 1178 posse
791 1116 970 1163 tamen
993 1129 1330 1180 prorumpere
1353 1128 1607 1179 equorum

149 1178 277 1231 Vim
301 1179 549 1248 cupidam
572 1185 685 1231 tam
708 1180 774 1231 de
799 1178 985 1246 subito,
1010 1197 1169 1247 quam
1190 1197 1338 1232 mens
1362 1187 1483 1234 avet
1506 1180 1656 1249 ipsa?

141 1247 334 1300 'Omnis
357 1249 500 1300 enim
522 1254 697 1300 totum
719 1265 814 1316 per
837 1265 1023 1317 corpus
1046 1249 1291 1302 materiai

150 1316 314 1385 Copia
336 1317 572 1385 conquiri
596 1315 764 1382 debet,
790 1319 996 1370 concita
1017 1334 1113 1386 per
1136 1324 1283 1370 artus

150 1385 359 1452 Omnes,
384 1392 449 1438 ut
472 1385 709 1438 studium
730 1386 925 1437 mentis
949 1402 1187 1438 connexa
1210 1391 1483 1455 sequatur:

149 1454 227 1506 Ut
250 1454 428 1508 videas
450 1454 646 1507 initum
667 1461 842 1507 motus
866 1472 899 1508 a
922 1455 1073 1508 corde
1097 1455 1277 1523 creari,

150 1523 236 1575 Ex
259 1523 526 1593 animique
551 1525 823 1577 voluntate
847 1525 903 1576 id
927 1525 1203 1593 procedere
1226 1525 1487 1593 primum3
1727 1524 1829 1576 270

152 1590 290 1644 Inde
313 1592 428 1645 dari
451 1610 603 1661 porro
626 1610 720 1661 per
742 1599 917 1645 totum
941 1611 1128 1662 corpus
1153 1599 1207 1645 et
1230 1599 1391 1645 artus,

223 1661 338 1713 Nec
362 1661 531 1713 simile
555 1668 648 1728 est,
672 1667 736 1713 ut
762 1679 925 1729 quum
949 1662 1165 1731 impulsi
1186 1661 1513 1730 procedimus
1537 1660 1665 1728 ictu,

152 1728 366 1782 Viribus
389 1730 606 1783 alterius
629 1731 834 1797 magnis
856 1748 1154 1799 magnoque
1179 1736 1389 1783 coactu:

151 1796 296 1850 Nam
320 1804 436 1850 tum
459 1799 734 1851 materiam
759 1800 922 1851 totius
947 1800 1173 1868 corporis
1197 1817 1404 1852 omnem

152 1866 494 1935 Perspicuum
517 1873 597 1920 est
619 1867 768 1920 nobis
790 1868 973 1920 invitis
996 1869 1073 1921 ire
1096 1869 1329 1937 rapique,

152 1933 333 1996 Donec
356 1954 473 1988 eam
493 1937 796 1990 refraenavit
820 1954 912 2005 per
933 1936 1169 1990 membra
1191 1938 1450 1991 voluntati.

152 2004 195 2057 J
194 2021 348 2057 amne
371 2005 516 2058 vides
538 2006 717 2073 igitur,
743 2023 1063 2074 quamquam
1086 2006 1166 2058 vis
1190 2013 1372 2059 extera
1395 2006 1590 2059 multos

154 2072 341 2139 Pellat,
365 2079 421 2126 et
443 2074 634 2127 invitos
659 2076 799 2142 cogit
822 2075 1100 2143 procedere
1125 2092 1275 2143 saepe,

154 2141 560 2211 Praecipitesque
582 2143 737 2212 rapit,
763 2149 941 2196 tamen
966 2160 1075 2196 esse
1098 2144 1157 2195 in
1180 2149 1388 2212 pectore
1410 2148 1587 2196 nostro

156 2210 433 2277 Quiddam,
458 2213 598 2279 quod
622 2218 804 2264 contra
826 2229 1063 2281 pugnare
1089 2212 1391 2294 obstareque
1415 2213 1608 2283 possit3
1726 2213 1828 2263 280

157 2278 318 2347 Cujus
340 2279 410 2332 ad
433 2281 707 2333 arbitrium
733 2297 939 2348 quoque
965 2282 1115 2350 copia
1138 2284 1382 2334 materiai

158 2347 375 2415 Cogitur
396 2349 665 2402 interdum
687 2349 829 2402 flecti
852 2367 946 2418 per
968 2350 1215 2417 membra,
1238 2367 1333 2431 per
1356 2355 1516 2418 artus,

153 2415 227 2468 Et
285 2419 479 2485 rojecta
501 2419 813 2470 refraenatur
833 2425 1074 2487 retroque
1095 2419 1313 2471 residit?

273 2502 398 2538 uare
421 2486 478 2538 in
503 2486 786 2538 seminibus
810 2504 1014 2555 quoque
1038 2487 1180 2538 idem
1203 2488 1403 2539 fateare
1427 2501 1631 2539 necesse
1654 2490 1749 2550 est,

153 2552 280 2606 Esse
302 2554 464 2607 aliam
486 2562 679 2624 praeter
700 2555 882 2623 plagas
906 2562 961 2607 et
983 2556 1215 2624 pondera
1238 2572 1450 2607 causam

153 2621 403 2692 Motibus,
426 2624 569 2676 unde
592 2623 707 2676 haec
731 2631 810 2676 est
833 2624 982 2675 nobis
1005 2624 1193 2674 innata
1216 2627 1470 2690 potestas:

800 2719 815 2748 c
838 2712 1047 2760 vagantur
1058 2720 1069 2755 ;
1099 2707 1195 2746 Me.
