2084 3000
214 186 314 238 128
819 183 877 236 Τ.
914 181 1250 236 ΙιΠΟΒΕΤΙΙ

209 294 348 348 Nam
437 294 582 347 nitus
604 292 766 346 fluere
789 297 949 361 atque
971 292 1210 346 recedere
1232 291 1384 344 rebus
1409 291 1589 345 odores

207 363 261 417 S·
342 364 354 376 ’
397 368 498 430 cat,
523 362 661 431 quod
684 362 854 415 fracta
876 378 1046 482 miggin
1067 361 1297 414 redolere
1321 360 1571 414 videntur

210 431 413 498 Omnia,
439 431 578 499 quod
603 430 843 497 contrita,
864 445 935 496 qu
1028 430 1143 498 igni
1165 429 1521 483 collabefactu-

207 500 410 553 Deinde
433 499 609 553 videre
633 499 771 566 licet,
795 498 1079 566 majoribus
1103 515 1212 551 esse
1236 503 1471 551 creatum
1782 498 1893 553 '700

206 567 502 637 Principiis,
528 584 685 636 quam
708 584 842 632 vox;
879 568 1127 635 quoniam
1151 584 1244 636 per
1269 584 1427 620 saxea
1452 572 1605 635 septa

205 636 327 689 Non
349 641 605 707 penetrat,
630 654 735 705 qua
759 654 861 690 vox
884 637 1046 705 vulgo
1069 636 1372 705 sonitusque
1395 637 1652 689 feruntur.

208 704 382 769 Quare
404 707 567 759 etiam
589 706 730 775 quod
753 707 874 774 olet,
898 722 1005 759 non
1028 711 1141 758 tam
1164 705 1319 758 facile
1343 721 1452 758 esse
1475 704 1675 758 videbis

205 773 545 844 Investigare‚
568 776 626 827 in
652 792 758 844 qua
780 776 859 837 sit,
872 775 1084 842 regione
1107 774 1353 828 locatum.

207 843 521 914 Refrigescit
543 845 685 898 enim
710 844 1005 898 cunctando
1029 843 1189 911 plaga
1211 859 1306 910 per
1329 859 1513 907 auras3

204 912 316 966 Nec
338 914 511 969 calida
532 914 602 967 ad
625 930 833 966 sensum
858 912 1090 965 decurrit
1113 912 1305 964 nuntia.
1327 928 1517 964 rerum.

203 981 399 1035 Errant
423 999 559 1051 saepe
581 999 736 1034 canes
759 982 954 1049 itaque,
979 987 1033 1033 et
1057 980 1282 1048 vestigia
1305 983 1563 1048 quaerunt.

271 1050 382 1103 Nec
406 1055 584 1104 temen
608 1049 706 1102 hoc
730 1050 851 1105 solis
874 1050 933 1101 in
956 1048 1197 1102 odoribus
1222 1054 1382 1117 atque
1406 1064 1652 1117 saporum

205 1116 271 1171 In
295 1135 482 1187 genere
506 1123 617 1183 est3
653 1117 744 1170 sed
766 1118 896 1170 item
920 1119 1115 1187 species
1139 1134 1318 1169 rerum
1341 1123 1500 1185 atque
1524 1117 1718 1170 colores

201 1187 322 1240 Non
345 1188 425 1241 ita
447 1186 768 1241 conveniunt
791 1187 861 1239 ad
885 1204 1066 1240 sensus
1089 1183 1331 1239 omnibus
1356 1202 1549 1254 omnes,
1778 1186 1885 1239 710

202 1257 279 1309 Ut
300 1273 407 1309 non
432 1257 539 1310 sint
562 1255 680 1309 aliis
704 1256 944 1325 quoedam
967 1256 1137 1324 magis
1161 1256 1306 1309 acria
1328 1255 1458 1308 visu.

202 1325 345 1390 Quin
369 1325 529 1379 etiam
551 1325 767 1394 gallum,
791 1331 999 1378 noctem
1022 1324 1427 1392 explodentibus
1451 1323 1564 1390 alis,

200 1394 458 1448 Auroram
482 1396 624 1449 clara
647 1400 956 1447 consuetum
979 1411 1105 1447 voce
1127 1410 1326 1458 vocare,

201 1462 359 1517 Nenu
380 1470 585 1534 queunt
606 1463 779 1534 rapidi
803 1469 987 1517 contra
1009 1468 1248 1517 constare
1271 1461 1461 1527 leones,

201 1533 370 1603 Inque
393 1536 559 1588 tueri:
594 1533 673 1586 ita
696 1533 944 1587 continuo
966 1533 1249 1588 meminere
1271 1532 1452 1599 fugai:

200 1602 478 1671 Nimirum,
503 1603 630 1673 quia
652 1608 778 1655 sunt
801 1603 1063 1671 gallorum
1085 1602 1143 1654 in
1167 1618 1378 1669 corpore
1402 1600 1644 1669 quoedam

199 1670 425 1738 Semina,
449 1689 579 1754 quae,
604 1688 769 1740 quum
792 1678 918 1724 sunt
940 1671 1106 1724 oculis
1130 1670 1363 1723 immissa
1386 1669 1611 1736 leonum,

201 1740 439 1809 Pupillas
462 1741 826 1807 interfodiunt,
850 1757 1126 1809 acremque
1150 1739 1380 1792 dolorem

200 1808 458 1876 Praebent,
481 1816 546 1862 ut
567 1815 835 1876 nequeant
859 1815 1041 1862 contra
1065 1808 1256 1862 durare
1279 1808 1506 1871 feroces;

202 1876 381 1939 Quum
404 1883 582 1930 tamen
605 1877 720 1930 hoec
743 1882 946 1929 nostras
969 1878 1107 1930 acies
1129 1877 1206 1929 nil
1231 1877 1419 1929 laedere
1439 1874 1666 1945 possint:
1775 1876 1880 1930 720

199 1945 312 1998 Aut
335 1946 461 2013 quia.
481 1962 590 1998 non
605 1949 906 2065 ffinemnt'
931 1954 1025 1999 aut
1050 1946 1190 2014 quod
1213 1944 1611 2016 penetrantibus
1634 1944 1741 1996 illis

197 2014 391 2067 Exitus
415 2031 483 2067 ex
506 2030 603 2066 ocu
629 2014 641 2026 “
694 2013 826 2066 liber
850 2014 1024 2080 datur,
1051 2014 1109 2067 in
1132 2015 1444 2070 remorando

197 2082 411 2137 Laedere
432 2099 499 2135 ne
523 2082 725 2152 possint
749 2100 816 2135 ex
839 2082 952 2137 ulla
974 2083 1179 2137 lumina
1201 2090 1365 2154 parte.

810 2200 890 2255 De
913 2201 1092 2254 animi
1113 2210 1271 2255 motu.

266 2286 424 2341 Nunc
447 2304 558 2356 ege,
585 2304 700 2356 quoe
724 2293 969 2340 moveant
993 2288 1229 2340 animum
1252 2304 1348 2353 res,
1372 2286 1581 2355 accipe;
1616 2292 1670 2339 et
1696 2286 1851 2353 unde,

199 2356 328 2421 Quae
352 2357 588 2423 veniunt,
612 2357 830 2410 veniant
853 2357 911 2408 in
933 2363 1179 2422 mentem,
1203 2356 1413 2424 percipe
1436 2355 1633 2424 paucis.

267 2424 533 2492 Principio
555 2424 655 2477 hoc
678 2425 809 2490 dico,
832 2441 1008 2478 rerum
1032 2424 1313 2480 simulacra
1336 2425 1520 2491 vagari

197 2490 376 2544 Multa
398 2493 566 2546 modis
589 2493 772 2544 multis
795 2493 853 2542 in
877 2496 1096 2543 cunctas
1119 2492 1355 2560 undique
1379 2498 1556 2559 partes

197 2558 411 2625 Tenuis,
436 2576 555 2625 quse
578 2558 734 2611 facile
757 2559 897 2610 inter
920 2575 974 2609 se
990 2560 1296 2625 junguntur
1320 2560 1377 2611 in
1400 2560 1558 2626 auris,

197 2624 364 2676 Obvia.
387 2641 555 2693 quum
577 2626 832 2685 veniunt3
866 2629 929 2676 ut
953 2642 1146 2677 aranea.
1167 2626 1483 2694 bracteaque
1507 2628 1637 2680 auri.

197 2691 404 2760 Quippe
426 2693 622 2745 etenim
644 2692 814 2746 multo
836 2692 1006 2759 magis
1028 2692 1142 2745 hoec
1166 2700 1290 2746 sunt
1313 2695 1497 2750 tenuia.
1521 2701 1693 2763 textu,
1770 2696 1873 2760 730

252 2949 281 2964 L
