2084 3000
775 170 992 224 LIBER
1026 169 1315 225 PRIMUS.
1815 172 1881 222 21

190 271 318 325 Nec
340 274 698 325 commutatur
721 272 1010 341 quidquam
1021 290 1039 336 3
1075 272 1206 341 quin
1229 270 1407 324 omnia
1430 274 1676 324 constant

192 340 384 409 Usque
407 341 551 406 adeo,
574 341 733 396 variae
757 341 991 395 volucres
1018 347 1080 394 ut
1102 341 1161 393 in
1183 340 1365 395 ordine
1388 346 1597 393 cunctae

193 410 503 465 Ostendant
525 410 759 466 maculas
782 409 1050 478 generales
1073 426 1285 479 corpote
1306 408 1502 465 inesse:

194 478 546 534 Immutabile
567 479 802 533 materia
826 496 1032 548 quoque
1055 496 1241 548 corpus
1263 477 1458 532 habere

192 547 415 601 Debent
436 548 704 604 nimirum.
773 547 912 602 Nam
936 548 981 601 si
1004 547 1290 618 primordia
1312 564 1490 601 retum

194 616 529 671 Commutari
551 616 732 685 aliqua
753 623 965 686 possent
986 617 1192 671 ratione
1212 617 1430 684 revicta,

196 685 478 740 Incertum
500 702 703 756 quoque
718 688 835 755 jam
857 691 1080 753 constet,
1135 684 1231 737 uid
1253 685 1417 754 possit
1440 684 1580 752 oriri,

195 754 350 819 Quid
372 760 629 824 nequeat3
662 754 815 808 finita
838 760 1072 824 potestas
1096 702 1323 822 dlenique
1346 753 1537 821 cuique

198 823 449 888 Quanam
473 823 543 877 sit
563 824 781 891 ratione,
804 833 964 892 atque
987 823 1096 877 alte
1119 822 1376 876 terminus
1399 821 1602 878 haerens
1623 842 1641 889 3
1779 824 1882 875 600

198 892 318 945 Nec
341 893 498 945 toties
519 899 730 961 possent
753 892 1047 960 generatim
1055 892 1223 951 *saecla
1244 892 1436 945 referre

198 960 482 1029 Naturam,
504 967 694 1029 motae,
716 961 934 1029 victum,
957 978 1228 1029 moresque
1250 966 1546 1030 parentum.

274 1029 414 1082 Tum
436 1046 602 1099 pon-0,
628 1030 878 1099 quoniam
900 1035 981 1082 est
1005 1037 1302 1083 extremum
1326 1030 1569 1098 quodque
1593 1047 1847 1086 cacumen

202 1097 444 1167 Corporis
468 1099 627 1166 illius,
651 1098 791 1168 quod
813 1099 980 1152 nostri
1003 1116 1213 1152 cernere
1236 1113 1416 1151 sensus

201 1167 244 1220 J
244 1184 334 1220 am
356 1175 628 1236 nequeunt
646 1187 665 1232 3
698 1168 756 1221 id
778 1167 1028 1220 nimirum
1053 1168 1165 1220 sine
1187 1166 1425 1236 partibus
1450 1173 1639 1235 exstat,

202 1235 277 1288 Et
299 1235 521 1289 minima
544 1242 750 1290 constat
773 1243 967 1289 natura
980 1255 996 1301 3
1030 1253 1129 1290 nee
1151 1236 1259 1288 fuit
1281 1253 1519 1304 unquam

203 1303 308 1357 Per
331 1321 386 1356 se
409 1310 681 1373 secretum,
703 1321 877 1372 neque
900 1305 1119 1374 posthac
1143 1322 1253 1358 esse
1276 1305 1503 1370 valebit3

202 1373 438 1441 Alterius
462 1374 711 1441 quoniam
734 1380 814 1429 est
836 1374 1011 1455 ipsum
1033 1391 1155 1443 pars
1177 1374 1451 1443 primaque
1476 1380 1529 1429 et
1552 1374 1683 1427 ima:

206 1441 341 1495 Inde
364 1442 483 1495 alise
506 1448 666 1511 atque
688 1442 807 1497 aliae
832 1443 1025 1497 similes
1050 1460 1118 1496 ex
1141 1443 1322 1495 ordine
1346 1448 1522 1513 partes
1547 1496 1554 1502 ,

206 1511 433 1580 Agmine
458 1512 715 1565 condenso
739 1518 986 1565 naturam
1008 1512 1238 1582 corporis
1263 1513 1494 1581 explent.
1780 1515 1882 1564 610

210 1581 355 1646 Quae,
380 1581 630 1649 quoniam
653 1598 747 1650 per
769 1599 824 1636 se
847 1588 1119 1649 nequeunt
1143 1586 1394 1647 constare,
1417 1597 1626 1634 neeesse
1650 1587 1729 1633 est

210 1649 421 1703 Haerere
441 1668 456 1713 3
490 1650 633 1702 unde
690 1656 854 1705 ueant
875 1650 1026 1704 nulla
1048 1651 1251 1704 ratione
1273 1649 1470 1703 revelli.

209 1718 346 1771 Sunt
367 1718 535 1786 igitur
557 1715 653 1772 soli
744 1718 1030 1788 primordia
1054 1718 1410 1788 simplicitate,

210 1788 336 1852 Quae
358 1786 590 1840 minimis
613 1787 810 1857 stipata
832 1788 1096 1840 cohaerent
1156 1788 1356 1841 artibus
1379 1793 1537 1856 arcte,

210 1856 329 1909 Non
351 1873 420 1908 ex
442 1856 671 1909 ullorum
694 1863 957 1910 conventu
980 1858 1126 1910 conc'
1155 1856 1167 1869 ⁸
1202 1862 1275 1923 ta,

211 1924 311 1978 Sed
332 1925 501 1993 magis
524 1931 719 1978 aeterna
742 1925 995 1994 pollentia
1018 1925 1382 1994 simplicitate:

213 1993 364 2047 Unde
384 2010 556 2063 neque
577 1994 736 2048 aveni
759 1994 1064 2062 quidquam,
1088 2012 1258 2064 neque
1281 1994 1508 2050 diminui
1524 1997 1640 2065 jam

214 2061 459 2116 Concedit
481 2067 674 2116 natura
695 2080 963 2116 reservans
988 2063 1189 2116 semina
1210 2062 1380 2118 rebus.

280 2131 550 2200 Praeterea,
574 2132 677 2184 nisi
701 2132 803 2185 erit
824 2131 1122 2201 minimum,
1147 2133 1456 2215 parvissima
1479 2151 1697 2203 quaeque

216 2200 434 2269 Corpora
457 2199 773 2254 constabunt
797 2218 864 2255 ex
887 2199 1127 2270 partibus
1150 2202 1405 2266 infinitis3
1782 2202 1889 2256 620

217 2269 417 2339 Quippe
439 2268 532 2322 ubi
556 2267 786 2325 dimidiae
810 2270 976 2338 partis
999 2287 1121 2340 pars
1146 2288 1347 2340 semper
1369 2269 1585 2325 habebit

215 2338 497 2392 Dimidiam
519 2345 739 2408 partem,
762 2356 861 2393 nec
882 2355 965 2392 res
988 2339 1234 2409 perfiniet
1258 2339 1386 2393 ulla.

216 2406 350 2476 Ergo
370 2424 547 2461 rerum
568 2408 710 2461 inter
734 2425 994 2462 summam
1015 2408 1294 2461 minimam
1327 2425 1396 2460 ue
1419 2408 1548 2476 quid
1572 2406 1740 2459 esset‘l

218 2477 304 2531 Nil
325 2477 426 2530 erit
447 2484 513 2531 ut
536 2477 763 2531 distent:
798 2495 924 2530 nam
948 2477 1188 2546 quamvis
1210 2476 1308 2528 fun
1347 2477 1453 2528 'tus
1477 2476 1646 2527 omnis

220 2546 427 2600 Summa
449 2546 519 2599 sit
540 2546 766 2611 infinita,
789 2552 985 2612 tamen,
1009 2544 1321 2614 parvissima
1342 2560 1462 2611 quse
1486 2547 1626 2607 sunt,

220 2616 298 2670 Ex
319 2615 539 2668 infinitis
563 2614 878 2668 constabunt
997 2613 1139 2666 tibus
1164 2628 1327 2680 seque.

224 2685 366 2752 Quod
389 2685 637 2753 quoniam
659 2684 795 2737 ratio
817 2700 904 2736 rec
958 2687 1073 2734 mat
1096 2697 1235 2748 vera,
1259 2681 1522 2745 negatque
