2084 3000
301 174 403 225 190
922 171 979 225 Τ.
1015 171 1352 226 ΒΗΟΒΕΤΙΙ

298 270 375 324 Ut
397 270 547 325 nulla
568 275 742 341 posset
763 271 966 325 ratione
988 273 1250 343 explerier
1272 290 1539 344 unquam3

297 337 518 409 Partim,
540 340 681 409 quod
705 347 842 394 tetro
865 342 1017 409 quasi
1040 359 1385 411 conspurcare
1409 360 1590 411 sapore

298 408 490 461 Omnia.
513 408 772 476 cernebat,
796 426 1142 479 quaecumque
1164 428 1280 463 rece
1346 417 1431 464 rat
1453 413 1612 466 intus.

296 475 553 530 veridicis
574 478 743 545 igitur
764 479 1014 546 purgavit
1037 484 1250 549 pectora
1313 480 1444 547 'ctis,

293 544 368 599 Et
389 546 548 599 finem
571 546 762 599 stattfit
785 547 1059 616 cupedinis
1082 554 1244 616 atque
1265 549 1468 602 timoris
1490 568 1506 614 ς
1553 555 1558 562 ’

292 612 654 696 Exposuitque
675 614 874 668 bonum
897 633 1174 684 summum,
1198 634 1301 685 quo
1324 618 1588 670 tendimus
1612 635 1812 684 omnes,

292 682 439 744 de
462 683 612 752 foret,
635 688 798 753 atque
820 685 963 737 viam
986 685 1274 746 constravit
1298 687 1511 739 tramite
1535 704 1714 755 parvo,

291 752 408 818 Qua.
430 770 695 822 possemus
718 753 787 806 ad
810 753 867 805 id
889 758 1032 806 recto
1056 755 1368 807 contendere
1391 772 1578 820 cursu;

290 820 495 885 Quidve
517 822 646 876 mali
668 822 804 876 foret
826 823 885 874 in
907 822 1063 876 rebus
1086 822 1386 877 mortalibu’
1409 824 1619 893 passim,

289 888 442 953 Quod
463 890 650 945 flueret
672 897 878 944 naturae
901 891 955 944 vi
979 891 1226 960 varieque
1249 892 1449 945 volaret

286 956 394 1011 Seu
416 977 555 1028 casu,
580 977 671 1014 seu
694 960 763 1026 vi,
788 960 929 1028 quod
953 960 1027 1012 sic
1050 966 1244 1013 natura
1266 966 1499 1030 parasset
1518 979 1534 1025 ς

284 1024 359 1079 Et
381 1027 572 1096 quibus
596 1044 627 1081 e
648 1028 812 1096 portis
835 1029 1037 1081 occurri
1061 1029 1252 1098 cuique
1275 1030 1508 1083 deceret:

284 1092 357 1147 Et
379 1113 543 1162 genus
566 1096 858 1149 humanum
879 1096 1079 1150 frustra
1101 1098 1305 1167 plerum
1344 1115 1412 1151 ue
1434 1098 1676 1167 probavit

285 1161 506 1217 Volvere
529 1181 770 1217 curarum
793 1159 969 1217 tristes
992 1166 1050 1217 in
1072 1173 1281 1235 pectore
1342 1173 1511 1220 uetus.

350 1232 492 1285 Nam
514 1233 681 1286 veluti
703 1233 855 1302 pueri
875 1234 1161 1316 trepidant,
1184 1241 1344 1304 atque
1366 1236 1541 1289 omnia
1564 1236 1715 1288 caecis

281 1294 350 1359 In
373 1299 601 1355 tenebris
623 1308 903 1367 metuunt3
937 1320 1013 1356 sic
1035 1320 1131 1356 nos
1153 1304 1213 1356 in
1234 1303 1354 1357 luce
1377 1305 1624 1357 timemus

281 1367 572 1439 Interdum,
595 1370 763 1424 nihilo
823 1389 905 1425 uae
929 1377 1056 1425 sunt
1076 1373 1360 1425 metuenda
1382 1374 1567 1441 magis,
1587 1382 1754 1442 quam

281 1438 411 1562 ἔξω
433 1440 809 1564 ΡἭΗ
842 1439 1540 1564 ἓῶῆῆῑξθὶᾚΐ
1562 1442 1789 1564 fuss,

277 1576 332 1630 N
332 1527 412 1631 (ξιιῐι1
413 1527 561 1632 ‘ggii
584 1527 846 1646 solisfrsserg
861 1528 1171 1632 lucidamssela
1194 1578 1302 1632 diei
1356 1529 1390 1581 q
1517 1529 1605 1566 ece

277 1644 596 1716 Discutiunt,
621 1648 712 1702 sed
734 1653 940 1701 naturae
965 1647 1175 1718 species,
1198 1647 1461 1717 ratioque:

278 1715 394 1781 Quo
416 1718 585 1785 magis
607 1717 724 1769 ince
761 1723 879 1771 tum
901 1733 1117 1786 pergam
1140 1723 1411 1785 pertexere
1435 1717 1612 1784 dietis.

344 1784 418 1837 Et
440 1786 688 1854 quoniam
711 1735 880 1853 d’ocui,
901 1786 1088 1838 mundi
1109 1785 1354 1839 mortalia
1376 1787 1576 1856 templa

273 1850 414 1920 Esse,
430 1862 485 1907 et
507 1854 689 1907 nativo
711 1854 990 1907 consistere
1013 1870 1225 1922 corpore
1248 1854 1469 1919 coelum;

273 1919 346 1973 Et
370 1939 710 1990 quaecumque
732 1922 791 1973 in
813 1939 874 1974 eo
897 1922 1050 1989 fiunt,
1073 1922 1289 1991 fierique
1312 1939 1520 1977 necesse
1542 1929 1639 1991 est,

272 1987 339 2045 Pl
462 2007 530 2043 ue
553 1990 792 2053 dissolvi3
829 2005 949 2057 quoe
971 1996 1189 2058 restant,
1213 1991 1437 2060 percipe,
1461 2009 1639 2061 porro:

273 2056 427 2121 Quan
463 2058 705 2126 oquidem
729 2059 887 2110 semel
909 2058 1170 2126 insignem
1194 2060 1536 2113 conscendere
1560 2078 1770 2114 currum

271 2126 548 2180 Vectorem
570 2126 854 2179 exhortent
877 2125 1175 2195 plaudendo
1185 2141 1221 2195 ⁸,
1246 2133 1309 2181 ut
1333 2128 1487 2182 obvia
1510 2146 1668 2182 cursu

272 2195 403 2260 Quae
424 2196 639 2262 fuerint,
664 2195 773 2248 sint
796 2196 1004 2264 placato
1028 2212 1278 2250 conversa
1300 2197 1491 2251 furore.

340 2266 536 2332 Cetera,
563 2281 681 2333 quae
703 2264 818 2317 fieri
840 2266 899 2317 in
920 2265 1073 2317 terris
1097 2265 1328 2333 coeloque
1352 2272 1573 2320 tuentur

267 2331 534 2400 Mortales,
558 2334 765 2402 pavidis
790 2351 955 2402 quum
979 2334 1213 2402 pendent
1235 2334 1491 2387 mentibu’
1517 2352 1669 2404 saepe,

265 2400 521 2455 Efficiunt
544 2403 744 2455 animos
767 2402 991 2454 humiles
1014 2401 1293 2454 formidine
1311 2402 1511 2470 divum,

264 2468 647 2539 Depressosque
669 2475 916 2538 premunt
939 2469 1008 2521 ad
1030 2474 1256 2533 terram3
1291 2477 1568 2539 propterea
1592 2472 1735 2540 quod

265 2534 576 2603 Ignorantia.
597 2554 871 2590 causarum
896 2537 1130 2589 conferre
1154 2537 1369 2588 deorum

263 2603 416 2670 cogit
438 2606 509 2659 ed
529 2605 810 2674 imperium
830 2620 929 2670 res,
951 2608 1007 2655 et
1031 2605 1310 2656 concedere
1332 2622 1581 2673 regnum:

661 2704 680 2726 ⁰
706 2699 934 2740 Ventorum
950 2698 1143 2738 exultant
1157 2698 1399 2751 placentin-3
1430 2699 1524 2740 MS.

1909 898 1986 947 30
