2084 3000
680 201 896 254 LIBER
932 201 1256 266 QUINTUS.
1712 204 1813 256 173

135 302 287 354 Inter
309 318 363 354 se
384 300 624 370 pecudes,
650 308 1021 371 compactaque
1043 301 1280 354 membra
1302 302 1663 354 animantum:

133 370 419 439 Propterea.
443 372 578 439 quia,
604 388 721 439 quae
747 372 811 424 de
834 372 986 423 terris
1010 388 1154 423 nunc
1179 388 1282 439 quo
1318 388 1383 423 ue
1406 370 1682 423 abundant

136 438 434 492 Herbarum
457 456 649 506 genera
671 456 732 492 ac
754 440 933 508 fruges
955 439 1271 507 arbustaque
1316 445 1431 507 aeta,

132 510 256 562 Non
275 514 453 560 tamen
476 509 615 560 inter
638 525 692 561 se
716 514 933 576 possunt
956 508 1230 575 complexa
1254 509 1432 561 creari.
1709 508 1813 560 920

134 578 239 631 Sed
264 577 308 629 si
330 594 548 645 quaeque
572 594 665 629 suo
686 578 797 629 ritu
820 576 1071 645 procedit,
1096 582 1151 628 et
1174 593 1351 628 omnes

134 646 353 699 Foedere
375 651 580 698 naturae
604 651 746 698 certo
770 645 1074 698 discrimina
1098 648 1321 697 servant.

205 716 279 767 Et
300 732 468 783 genus
491 714 784 766 humanum
807 713 976 765 multo
998 712 1107 764 fuit
1129 713 1262 764 illud
1286 713 1342 764 in
1366 717 1504 765 arvis

133 784 350 849 Durius,
374 789 438 835 ut
461 783 653 850 decuit,
678 783 837 834 tellus
859 782 1001 850 quod
1025 781 1158 833 dura
1181 794 1433 844 creasset3

135 853 210 904 Et
232 852 513 919 majoribus
536 856 591 903 et
615 851 793 903 solidis
814 850 983 918 magis
1007 849 1206 902 ossibus
1229 849 1375 901 intus

135 919 459 988 Fundatum,
483 925 538 972 et
559 919 750 972 validis
772 925 960 987 aptum
982 934 1077 987 per
1100 918 1298 969 viscera
1319 916 1522 981 nervis;

135 989 249 1041 Nec
271 989 426 1041 facile
449 1005 517 1041 ex
540 994 687 1056 aestu,
709 1004 808 1039 nec
830 988 1023 1055 frigore
1051 986 1188 1055 quod
1212 1002 1502 1055 caperetur,

136 1057 250 1110 Nec
272 1058 508 1110 novitate
532 1057 649 1123 cibi,
664 1073 771 1110 nec
795 1055 903 1108 labi
927 1055 1152 1123 corporis
1175 1054 1304 1107 ulla.

211 1125 489 1194 Multaque
511 1143 603 1193 per
627 1124 816 1178 coelum
840 1125 961 1177 solis
984 1124 1251 1177 volventia
1273 1123 1441 1176 lustra

138 1193 435 1261 Vulgivago
458 1194 625 1246 vitam
647 1193 948 1246 tractabant
970 1209 1113 1244 more
1135 1193 1381 1245 ferarum.
1706 1193 1812 1243 930

135 1263 251 1315 Nec
272 1263 516 1315 robustus
539 1267 653 1315 erat
677 1262 825 1315 curvi
848 1262 1144 1314 moderator
1165 1261 1329 1314 aratri

138 1331 450 1400 Quisquam,
474 1348 571 1383 nec
596 1330 761 1383 scibat
783 1331 921 1383 ferro
946 1329 1176 1382 molirier
1198 1346 1340 1394 arva,

135 1400 251 1452 Nec
274 1417 411 1452 nova
433 1400 676 1454 defodere
699 1400 757 1450 in
780 1405 973 1451 terram
996 1398 1244 1465 virgulta,
1269 1413 1440 1467 neque
1463 1396 1587 1450 altis

136 1468 425 1522 Arboribus
449 1475 648 1522 veteres
672 1468 908 1521 decidere
932 1466 1144 1520 falcibu’
1167 1483 1350 1520 ramos.

138 1538 297 1599 Quod
322 1539 397 1590 sol
421 1543 579 1606 atque
603 1537 793 1589 imbres
817 1538 1084 1603 dederant,
1109 1537 1246 1605 quod
1270 1542 1410 1588 terra
1434 1539 1636 1588 crearat

137 1608 175 1661 S
243 1612 336 1660 nte
360 1624 467 1673 sua,
493 1607 621 1659 satis
643 1607 700 1658 id
723 1605 968 1675 placabat
991 1611 1204 1674 pectora
1227 1605 1448 1656 donum.-

139 1625 470 1728 Gffindiferas
492 1676 634 1728 inter
656 1674 912 1727 curabant
935 1691 1150 1742 corpora
1174 1690 1393 1741 quercus

137 1743 485 1812 Plerumque;
520 1749 590 1811 et,
648 1760 733 1796 uae
756 1759 899 1795 nunc
921 1741 1140 1794 hiberno
1165 1747 1395 1810 tempore
1418 1740 1602 1809 cernis,

137 1812 346 1865 Arbuta
368 1813 587 1881 puniceo
648 1812 723 1864 eri
745 1817 954 1864 matura
977 1811 1160 1875 colore,
1635 1822 1641 1827 ·

137 1880 377 1933 Plurima
399 1885 517 1933 tum
539 1881 697 1933 tellus
721 1881 882 1933 etiam
902 1881 1103 1948 majora
1126 1877 1354 1943 ferebat3
1708 1879 1811 1929 940

137 1949 416 2018 Multaque
438 1956 688 2017 praeterea
708 1949 914 2002 novitas
938 1954 1056 2000 tum
1077 1948 1261 2000 florida
1282 1945 1469 2000 mundi

137 2016 344 2070 Pabula
367 2018 454 2070 dia
478 2018 619 2084 tulit,
642 2018 843 2070 miseris
864 2017 1174 2070 mortalibus
1196 2032 1283 2068 am
1321 2016 1388 2068 la..

209 2086 284 2139 At
308 2087 485 2139 sedare
509 2087 653 2139 sitim
672 2086 825 2138 fluvii
847 2087 1125 2152 fontesque
1147 2102 1274 2138 voca
1340 2092 1433 2153 nt;

137 2154 217 2207 'Ut
237 2172 382 2207 nunc
404 2155 668 2208 montibus
693 2172 721 2207 e
743 2155 950 2222 magnis
974 2154 1220 2206 decursus
1244 2156 1404 2222 aqua'i

140 2223 415 2276 Glaricitat
438 2224 545 2276 late
570 2224 803 2279 sitientia
828 2223 982 2275 saecla
1004 2223 1250 2274 ferarum.

139 2291 398 2359 Denique,
421 2298 548 2345 nota
571 2292 731 2360 vagis,
758 2291 1016 2343 silvestria
1037 2290 1239 2357 templa
1262 2288 1516 2342 tenebant

137 2360 522 2428 Nympharum,
538 2361 726 2429 quibus
750 2359 997 2412 excibant
1019 2359 1236 2411 humore
1259 2359 1460 2411 fluenta

137 2428 379 2495 Lubrica,
403 2429 639 2496 proluvie
662 2429 810 2496 larga
834 2428 1005 2479 lavere
1029 2427 1250 2479 humida
1274 2444 1416 2493 saxa,

140 2497 381 2550 Humida
405 2515 546 2563 saxa,
572 2514 727 2566 super
747 2497 906 2550 viridi
929 2496 1189 2548 stillantia
1211 2513 1417 2547 musco:

138 2566 213 2619 Et
236 2566 430 2633 partim
453 2566 611 2634 plano
636 2571 832 2618 scatere
854 2570 1015 2632 atque
1038 2581 1310 2632 erumpere
1334 2580 1532 2642 campo.
1705 2563 1811 2614 950

210 2634 446 2686 Necdum
470 2651 551 2686 res
576 2634 688 2702 igni
712 2632 916 2686 scibant
938 2639 1180 2698 tractare,
1198 2648 1369 2698 neque
1388 2639 1468 2683 uti

138 2701 389 2770 Pellibus,
412 2709 466 2756 et
491 2703 670 2772 spoliis
693 2719 878 2770 corpus
901 2702 1093 2755 vestire
1115 2702 1373 2753 ferarum:
