2084 3000
289 221 389 273 194
916 213 972 274 Τ.
1009 222 1342 275 LUGRETII

945 366 1026 421 De
1035 368 1274 439 fulgure.

354 459 537 529 Fulgit
558 461 702 530 item,
724 460 890 514 nubes
913 462 1054 530 ignis
1080 480 1244 531 quum
1268 462 1468 516 semina
1489 462 1665 517 multa
1869 467 1972 516 160

284 528 570 583 Excussere
595 547 687 583 suo
711 547 982 600 concursu,
1007 549 1104 585 ceu
1128 532 1359 600 lapidem
1384 532 1428 585 si

284 598 555 651 Percutiat
577 598 726 667 lapis,
750 605 847 653 aut
869 601 1095 664 ferrum5
1130 617 1256 653 nam
1278 607 1396 653 tum
1419 617 1625 670 quoque
1644 614 1836 654 lumen

283 667 494 730 Exsilit,
518 673 573 721 et
597 669 762 722 claras
787 669 1041 722 scintillas
1066 670 1288 738 dissipat
1312 670 1464 737 ignis.

355 736 458 790 Sed
481 737 736 790 tonitrum
758 737 821 791 fit
845 739 925 791 uti
949 744 1066 807 post
1089 738 1302 791 auribus
1326 738 1659 807 accipiamus,

284 803 329 857 F
422 823 506 859 ere
530 824 689 876 quam
714 813 931 860 cernant
954 807 1107 874 oculi,
1132 808 1258 875 quia
1281 823 1484 878 semper
1506 808 1573 860 ad
1596 823 1751 859 aures

283 875 327 927 'l'
427 876 506 928 'us
529 876 835 944 adveniunt,
860 893 1020 946 quam
1043 876 1218 930 visum
1242 893 1359 944 quae
1381 882 1628 928 moveant
1649 892 1748 929 res.

282 942 353 995 Id
376 944 502 998 licet
524 944 651 998 hinc
674 945 836 998 etiam
860 962 1196 1015 cognoscere3
1233 945 1428 999 caedere
1453 944 1496 996 si
1521 961 1678 1018 quem

281 1012 522 1081 Ancipiti
544 1012 721 1066 videas
744 1014 880 1066 ferro
903 1014 1085 1084 procul
1107 1013 1304 1068 arboris
1328 1019 1562 1080 auctum,

282 1080 424 1133 Ante
446 1080 509 1132 fit
532 1086 595 1133 ut
619 1098 799 1134 cernas
822 1082 1004 1150 ictum,
1029 1100 1190 1152 quam
1213 1083 1371 1152 plaga
1395 1100 1488 1151 per
1510 1098 1665 1134 auras

281 1147 388 1201 Det
411 1149 666 1202 sonitum:
703 1149 777 1202 sic
799 1151 1059 1219 fulgorem
1082 1169 1289 1221 quoque
1313 1152 1573 1204 cernimus
1596 1154 1737 1216 ante,
1869 1152 1979 1209 ³70

284 1215 455 1281 Quam
478 1218 736 1271 tonitrum
757 1220 1058 1289 accipimns,
1083 1221 1280 1291 pariter
1305 1221 1399 1287 qui
1421 1220 1657 1273 mittitur
1678 1218 1797 1286 igni

281 1284 329 1339 E
352 1286 513 1339 simili
535 1304 707 1355 causa,
731 1295 787 1342 et
811 1306 1063 1343 concursu
1087 1295 1245 1343 natus
1269 1290 1464 1342 eodem.

352 1356 470 1409 Hoc
492 1356 653 1410 etiam
675 1364 830 1427 pacto
853 1359 1056 1412 volucri
1075 1359 1193 1411 loca
1213 1358 1415 1410 lumine
1438 1358 1659 1426 tingunt

280 1423 476 1494 Nubes,
500 1433 554 1479 et
577 1428 800 1480 tremulo
823 1433 1108 1496 tempestas
1127 1427 1327 1496 impete
1349 1426 1432 1479 ful
1473 1427 1530 1490 ⁹¹2,

282 1493 487 1549 Ventus
510 1494 601 1549 ubi
624 1497 820 1550 invasit
843 1496 1054 1565 nubem,
1079 1503 1132 1550 et
1155 1503 1395 1551 versatus
1418 1496 1438 1547 i
1474 1493 1615 1550 idem

280 1563 446 1632 Fecit,
469 1570 533 1618 ut
555 1571 695 1634 ante,
719 1583 916 1634 cavam,
942 1566 1110 1634 docui,
1136 1566 1439 1635 spissescere
1461 1563 1683 1628 nubem3

280 1631 582 1688 Mobilitate
606 1652 700 1688 sua
722 1635 981 1703 fervescit,
1004 1640 1069 1690 ut
1094 1634 1268 1688 omnia
1290 1639 1440 1686 motu

281 1700 637 1757 Pei-calefacta
659 1704 805 1757 vides
828 1705 1123 1758 ardescere:
1159 1703 1408 1773 plumbea
1430 1718 1554 1755 vero

281 1769 442 1823 Glans
466 1772 627 1825 etiam
649 1772 806 1842 longo
828 1791 984 1827 cursu
1008 1772 1265 1826 volvenda
1287 1771 1543 1839 liquescit.

277 1836 419 1907 Ergo
440 1840 671 1894 fervidus
693 1841 795 1909 hic,
818 1843 1014 1895 nubem
1037 1859 1202 1911 quum
1223 1840 1473 1910 perscidit
1496 1844 1681 1903 atram,
1863 1842 1974 1892 180

277 1904 517 1975 Dissipat
541 1909 740 1961 ardoris
767 1912 918 1976 quasi
942 1928 1037 1992 per
1062 1912 1173 1965 vim
1195 1927 1263 1963 ex
1300 1920 1441 1962 ressa
1462 1914 1680 1977 repente

278 1973 505 2043 Semina,
530 1992 649 2044 quae
672 1977 878 2030 faciunt
900 1981 1195 2033 motantiab
1218 1979 1248 2030 f
1456 1975 1713 2030 flammae:

279 2041 413 2096 Inde
437 2061 592 2097 sonus
617 2046 869 2113 sequitur,
894 2047 987 2115 qui
1011 2048 1215 2100 tardius
1238 2046 1419 2099 aHicet
1443 2062 1610 2113 aures,

279 2109 452 2175 Quam
475 2130 593 2180 quae
615 2115 931 2183 perveniunt
954 2116 1221 2168 oculorum
1245 2115 1313 2168 ad
1336 2115 1523 2167 limina
1545 2119 1737 2168 nostra.

277 2179 490 2235 Scilicet
513 2183 612 2236 hoc
635 2182 808 2236 densis
830 2184 895 2238 fit
917 2182 1159 2252 nubibus,
1183 2189 1238 2237 et
1261 2184 1421 2236 simul
1444 2182 1553 2236 alte

276 2248 578 2305 Exstructis
600 2252 718 2305 aliis
741 2253 872 2307 alias
896 2270 1051 2322 super
1069 2253 1268 2322 impete
1291 2252 1439 2305 miro,

347 2319 458 2374 Nec
482 2320 580 2374 tibi
604 2321 673 2374 sit
695 2321 886 2389 flandi,
910 2321 1048 2390 quod
1072 2338 1165 2373 nos
1188 2320 1393 2375 inferne
1417 2319 1656 2373 videmus

278 2387 451 2451 Quam
473 2389 580 2443 sint
602 2389 715 2443 lata
735 2391 918 2459 magis,
942 2407 1104 2459 quam
1126 2406 1332 2443 sursum
1354 2394 1626 2442 exstructa
1650 2386 1782 2457 quid
1806 2405 1904 2442 ex-

483 2463 625 2511 stent
640 2476 655 2489 ·

276 2497 668 2592 Contemplator
689 2526 846 2593 enim,
869 2542 1033 2593 quum
1055 2523 1322 2577 montibus
1345 2525 1636 2579 assimilata

275 2585 475 2642 Nubila
498 2593 786 2659 portabunt
809 2593 955 2645 venti
977 2596 1273 2645 transversa
1296 2610 1392 2660 per
1413 2609 1599 2657 auras;
1858 2595 1965 2650 190

272 2652 386 2706 Aut
409 2657 502 2710 ubi
524 2676 618 2726 per
639 2677 855 2729 magnos
878 2666 1082 2711 montes
1106 2660 1378 2713 cumulata
1400 2661 1604 2714 videbis

900 2744 920 2772 b
948 2743 1162 2790 nuta-utin
1192 2743 1286 2783 ΜΕ.
