2084 3000
729 189 945 242 LIBER
980 189 1360 242 SECUNDUS.
1813 188 1881 240 69

212 288 444 340 Tandem
468 287 756 340 coaluerint
770 293 795 326 ‘¹
819 306 894 354 ea,
920 306 1038 356 quae
1065 290 1300 356 conjecta
1322 294 1538 357 repente
1751 291 1886 339 1060

210 358 525 424 Magnarum
548 374 722 408 rerum
745 358 931 409 fierent
955 357 1171 409 exordia
1194 374 1409 425 semper,

212 427 406 491 {Peri-ai,
431 426 603 491 maris,
628 434 683 478 et
707 425 838 491 coeli,
862 427 1171 494 generisque
1195 427 1541 478 animantum.

215 495 386 559 Quare
409 495 569 546 etiam
593 500 753 561 atque
776 496 937 547 etiam
962 496 1093 548 tales
1117 495 1315 547 fateare
1339 512 1544 548 neeesse
1568 500 1647 547 est

212 564 338 615 Esse
362 563 491 615 alios
515 562 644 615 alibi
669 580 971 629 congressus
994 564 1254 630 materiai,

215 632 397 696 Qualis
420 632 508 683 hie
530 637 625 699 est,
649 632 804 685 avido
828 632 1108 700 complexu
1131 649 1289 700 quem
1311 637 1459 684 tenet
1482 633 1661 685 aether.

284 701 556 767 Praeterea,
580 718 743 769 quum
765 702 1008 753 materies
1032 708 1112 754 est
1134 701 1307 754 multa
1328 707 1529 770 parata,

216 770 391 833 Quum
415 769 558 822 locus
582 778 662 823 est
686 776 890 839 praestO,
910 787 1006 823 nec
1029 787 1127 836 ree,
1151 786 1249 822 nee
1272 786 1429 822 eausa
1451 775 1685 822 moratur

215 839 339 891 Ulla
358 858 373 903 ;
407 840 519 906 geri
543 840 734 892 debent
757 838 1009 891 nimirum
1033 847 1089 892 et
1112 839 1323 891 confieri
1344 856 1440 891 ree.

214 908 388 975 Nune,
411 914 466 960 et
492 908 776 961 seminibus
799 909 844 960 si
869 914 1020 961 tanta
1043 914 1124 961 est
1149 909 1311 977 copia,
1337 913 1594 976 quantam

215 976 536 1030 Enumerare
559 983 688 1031 aetas
711 977 1042 1030 animantum
1066 995 1173 1030 non
1198 983 1355 1046 queat
1378 977 1545 1030 omnis
1564 995 1579 1040 3
1762 976 1896 1028 1070

218 1045 414 1114 Visque
438 1046 620 1099 eadem
643 1054 698 1099 et
721 1052 911 1098 natura
933 1052 1127 1114 manet,
1152 1065 1269 1115 quae
1294 1046 1493 1099 semina
1515 1063 1691 1098 rerum

218 1115 483 1182 conjicere
507 1115 563 1167 in
587 1115 703 1168 loca
726 1131 949 1184 quaeque
972 1123 1146 1184 queat,
1172 1116 1330 1168 simili
1353 1116 1555 1168 ratione
1707 1182 1711 1186 .

219 1184 396 1252 Atque
418 1185 523 1237 hue
547 1191 671 1237 sunt
694 1185 930 1251 conjecta
951 1203 964 1247 ;
998 1201 1207 1237 necesse
1230 1191 1310 1238 est
1333 1185 1627 1254 confiteare,

218 1252 346 1304 Esse
369 1253 497 1306 alios
520 1252 639 1305 aliis
664 1260 920 1306 terrarum
943 1253 1000 1305 in
1025 1253 1264 1321 partibus
1287 1254 1448 1321 orben,

219 1321 292 1374 Et
316 1323 485 1374 varias
510 1322 782 1375 hominum
806 1327 1004 1389 genteS,
1028 1330 1084 1375 et
1108 1323 1261 1375 saecla
1283 1325 1527 1377 ferarum.

292 1391 417 1444 Hue
440 1390 656 1458 aceedit,
684 1396 744 1443 ut
767 1391 826 1442 in
849 1408 1055 1443 summa
1077 1408 1159 1443 res
1182 1392 1330 1446 nulla
1355 1393 1423 1445 sit
1450 1410 1569 1459 una,

221 1460 393 1514 Unica
416 1477 533 1543 quae
557 1461 826 1528 gignatur,
851 1466 905 1513 et
928 1461 1089 1513 unica
1112 1462 1322 1530 solaque
1346 1467 1574 1515 crescat:

223 1531 365 1593 Quin
388 1531 612 1598 alicujus
631 1530 701 1583 sit
725 1530 878 1596 saecli,
902 1531 1271 1599 permultaque
1294 1532 1474 1583 eodem

222 1599 343 1652 Sint
365 1616 586 1667 genere:
622 1599 680 1651 in
702 1600 885 1667 primis
908 1599 1242 1666 animalibue‚
1265 1600 1439 1652 indice
1462 1606 1654 1665 mente,

223 1668 468 1721 Invenies
491 1669 567 1720 sie
590 1669 956 1737 montivagum
978 1685 1147 1736 genus
1171 1685 1280 1721 esse
1302 1669 1547 1734 ferarum,
1769 1670 1903 1719 1080

223 1736 311 1790 Sic
333 1738 607 1790 hominum
630 1739 895 1806 geminam
918 1737 1131 1806 prolem,
1156 1737 1231 1789 sio
1255 1737 1482 1805 denique
1504 1742 1679 1789 mutas

224 1805 628 1875 Squamigerum
748 1807 890 1872 udeS,
915 1813 971 1859 et
994 1824 1207 1875 corpora
1231 1812 1424 1859 cuncta
1446 1806 1734 1859 volantum.

226 1875 558 1944 Quapropter
580 1893 657 1929 0oe
678 1893 771 1929 um
795 1875 955 1928 simili
978 1876 1182 1928 ratione
1205 1876 1481 1929 fatendum
1505 1881 1599 1942 est,

223 1944 554 2013 Terramque‚
577 1951 632 1997 et
656 1945 831 2011 solem,
855 1945 1054 2012 lunam,
1079 1962 1236 2011 mare,
1261 1950 1448 2013 cetera,
1475 1962 1595 2013 quae
1619 1950 1758 2011 aunt,

225 2012 347 2067 Non
370 2031 479 2066 esse
503 2014 672 2082 unica,
698 2014 789 2066 sed
811 2031 1029 2066 numero
1053 2015 1221 2082 magis
1244 2014 1592 2069 innumerali:

228 2083 663 2152 Quandoquidem
686 2083 812 2136 vitae
837 2084 1090 2153 depactus
1115 2084 1370 2135 terminus
1394 2084 1502 2137 alte

227 2152 358 2205 'Pam
380 2159 561 2205 manet
584 2153 709 2220 haec,
736 2158 791 2205 et
813 2157 925 2205 tam
949 2151 1131 2204 nativo
1156 2169 1366 2220 corpore
1390 2157 1650 2218 constant,

229 2220 400 2286 Quam
422 2239 588 2289 genus
613 2239 778 2287 omne,
804 2221 943 2290 quod
966 2221 1050 2273 his
1073 2221 1364 2288 generatim
1386 2222 1540 2274 rebus
1563 2220 1851 2275 abundans.

299 2290 427 2354 Quae
449 2291 582 2344 bene
606 2292 819 2359 cognita
843 2291 887 2343 si
910 2295 1105 2356 terreae,
1131 2295 1321 2342 natura
1345 2290 1555 2344 videtur

226 2357 416 2413 Libera
439 2360 703 2429 continue,
727 2359 953 2434 dominis
976 2359 1187 2430 privata
1210 2359 1459 2429 superbis,
1774 2358 1909 2410 1090

883 2454 901 2483 ¹
929 2456 1116 2496 coierunt
1124 2467 1136 2504 ;
1165 2454 1261 2496 MS.
