2084 3000
190 214 294 266 214
766 211 773 218 ’
809 210 866 266 Τ.
902 209 1236 265 LUCRE'HI

187 311 469 379 Discutiat,
492 327 652 380 prope
674 310 759 363 uti
780 310 925 363 locus
948 310 1075 362 hinc
1098 310 1375 378 linquatur
1399 309 1589 376 inanis,

190 380 351 447 Cujus
374 379 467 432 ubi
489 398 518 433 e
541 380 750 448 regione
773 379 874 432 loci
897 395 1086 432 venere
1110 379 1360 444 volanteS,

189 448 463 501 Claudicat
486 447 750 515 extemplo
774 463 1067 515 pennarum
1089 447 1235 498 nisus
1257 447 1448 513 inanis,

188 515 260 567 Et
283 533 534 569 conamen
558 517 803 583 utrinque
827 516 1030 568 alarum
1055 515 1296 584 proditur
1318 532 1484 568 omne.

190 583 296 636 Hic
318 583 412 636 ubi
434 585 624 637 nictari
646 602 714 636 ne
748 589 931 650 ueunt,
954 583 1296 651 insistereque
1318 584 1431 651 alis,

189 650 400 705 Scilicet
425 652 482 704 iu
506 658 712 705 terram·
761 652 896 705 elabi
919 652 1147 720 pondere
1171 652 1311 719 cogit

188 719 423 784 Natura3
458 726 512 773 et
535 737 760 773 vacuum
784 737 943 789 prope
959 722 1074 788 jam
1098 737 1190 789 per
1213 722 1370 772 inane
1385 721 1620 787 jacentes

187 787 513 857 Disperguut
535 790 736 843 animas
761 806 853 857 per
875 788 1052 841 caulas
1076 790 1301 856 corporis
1325 806 1516 842 omnes.
1759 793 1864 842 840

293 905 404 960 Gur
441 923 579 977 aqua
613 908 679 961 in
704 907 882 977 pzaeis
915 906 981 960 in
1013 915 1180 960 aestate
1199 906 1472 977 friqidior
1503 907 1574 960 sit
1610 924 1770 976 quam

844 975 951 1027 alio
974 984 1208 1045 tempore.

257 1057 516 1126 Frigidior
537 1076 687 1127 porro
711 1060 768 1111 in
791 1060 964 1127 puteis
988 1065 1171 1113 aestate
1193 1060 1258 1112 fit
1279 1061 1480 1126 humor,

189 1123 424 1179 Rarescit
447 1128 571 1195 quia
594 1133 732 1179 terra
756 1128 938 1193 calore,
963 1133 1018 1180 et
1042 1130 1242 1181 semina
1265 1130 1310 1180 si
1333 1146 1438 1196 qua

186 1192 343 1247 Forte
366 1196 571 1263 vaporis
595 1194 767 1264 habet,
791 1212 884 1264 pro
923 1213 1007 1249 ere
1031 1197 1257 1249 dimittit
1279 1198 1338 1249 in
1361 1213 1529 1250 auras.

189 1262 302 1327 Quo
324 1265 492 1332 magis
511 1270 590 1316 est
612 1264 779 1332 igitur
802 1270 855 1317 te
898 1283 960 1319 us
983 1266 1140 1318 effeta
1161 1266 1345 1332 calore,

187 1330 278 1383 Fit
302 1349 507 1400 quoque
529 1333 781 1400 frigidior,
806 1334 898 1401 qui
921 1334 979 1385 in
1002 1339 1144 1387 terra
1166 1340 1245 1387 est
1269 1334 1496 1400 abditus,
1520 1334 1719 1387 humor.

186 1398 401 1467 Frigore
423 1418 588 1469 quum
610 1402 866 1470 premitur
888 1419 1038 1469 porro
1063 1402 1229 1454 omnis
1251 1407 1407 1468 terra,
1431 1403 1652 1469 coitque,

186 1467 258 1521 Et
281 1470 432 1537 quasi
455 1470 737 1523 concrescit
749 1489 766 1534 3
800 1469 863 1523 fit
886 1471 1087 1523 scilicet
1111 1471 1169 1523 in
1192 1471 1439 1538 coeundo,

187 1537 466 1606 Exprimat
486 1539 545 1591 in
567 1544 764 1608 puteos,
789 1539 834 1590 si
858 1556 1011 1607 quem
1034 1540 1171 1606 gerit
1194 1540 1321 1607 ipsa,
1347 1541 1582 1593 calorem.

738 1653 820 1706 De
842 1652 996 1723 fonte
1016 1653 1308 1706 Ammonis.

253 1735 351 1790 Est
372 1736 516 1806 apud
539 1736 808 1791 Ammonis
831 1738 1016 1790 fanum
1039 1738 1159 1789 fons
1183 1738 1300 1789 luce
1325 1737 1516 1790 diurna

186 1803 445 1872 Frigidus,
469 1812 525 1858 et
548 1807 747 1859 calidus
770 1812 1024 1859 nocturno
1049 1811 1282 1875 tempore
1305 1807 1499 1859 fertur:
1757 1810 1863 1859 850

187 1872 348 1925 Hunc
371 1873 605 1926 homines
628 1876 828 1927 fontem
850 1875 1007 1927 nimis
1031 1876 1372 1941 admirantur,
1398 1882 1452 1928 et
1475 1875 1583 1928 acri

185 1939 303 1994 Sole
326 1946 521 2010 putant
545 1943 724 1995 subter
747 1948 912 1995 terras
935 1944 1220 1996 fervescere
1244 1944 1457 2012 partim,

184 2009 304 2062 Nox
330 2009 422 2062 ubi
444 2011 668 2062 terribili
690 2015 855 2062 terras
879 2011 1106 2078 caligine
1130 2012 1293 2066 texit:

186 2077 334 2142 Quod
357 2077 532 2130 minus
555 2095 588 2130 a
610 2096 734 2132 vera
757 2083 836 2130 est
859 2078 1013 2147 longe
1035 2081 1239 2133 ratione
1262 2084 1546 2133 remotum:

185 2146 391 2215 Quippe
417 2146 508 2199 ubi
531 2147 619 2214 sol,
643 2147 846 2199 nudum
868 2154 1196 2202 contrectans
1220 2166 1401 2217 corpus
1425 2151 1598 2217 aquai,

182 2212 304 2267 Non
326 2214 518 2282 quierit
541 2216 769 2269 calidum
793 2233 981 2285 supera
1005 2217 1071 2268 de
1093 2217 1309 2270 reddere
1332 2223 1495 2285 parte,

184 2282 360 2345 Quum
383 2299 632 2352 superum
653 2284 833 2337 lumen
858 2291 1008 2338 tanto
1030 2285 1232 2337 fervore
1255 2287 1493 2338 fruatur:

182 2349 292 2409 Qui
314 2356 472 2418 queat
495 2351 583 2404 hic
607 2352 783 2404 subter
805 2357 919 2404 tam
941 2369 1109 2405 crasso
1133 2370 1342 2421 corpore
1366 2358 1563 2405 terram

182 2415 505 2484 Pei-coquere
527 2419 814 2485 humorem,
841 2424 896 2471 et
919 2420 1090 2473 calido
1114 2421 1309 2473 sociare
1332 2420 1581 2490 vaporem?

179 2482 478 2538 Praesertim
501 2504 664 2554 quum
679 2487 770 2540 vix
794 2488 959 2555 possit
981 2505 1075 2555 per
1098 2494 1247 2556 septa
1272 2489 1545 2542 domorum
1754 2493 1859 2543 860

178 2550 453 2604 Insinuare
477 2571 631 2605 suum
653 2555 813 2606 radiis
836 2554 1142 2606 ardentibus
1167 2557 1394 2609 aestum'l

246 2619 374 2681 Quae
395 2620 534 2673 ratio
557 2627 637 2673 est
659 2620 859 2689 igitur‘l
918 2621 1185 2673 Nimirum
1210 2628 1348 2677 terra
1369 2625 1538 2693 magis
1562 2627 1703 2694 quod

721 2708 741 2728 ⁰
768 2710 920 2745 sumre
936 2717 1158 2756 vaporem5
1189 2708 1284 2748 MS.
