2084 3000
732 200 948 254 LIBER
983 199 1309 266 QUINTUS.
1775 203 1871 254 151

243 304 484 372 Namque
508 303 585 356 ita
605 302 932 355 multimodis
955 302 1140 355 multis
1201 297 1449 355 rimordia
1472 317 1647 354 rerum

173 372 259 425 Ex
281 372 492 425 infinito
508 373 624 440 jam
646 378 879 440 tempore
903 372 1104 440 percita
1126 388 1164 439 p
1184 372 1311 451 agis,

174 440 601 508 Ponderibusque
626 442 731 493 suis
755 446 1074 493 consuerunt
1098 447 1305 491 concita
1325 438 1465 505 ferri,
1754 441 1855 491 190

176 509 605 577 Omnimodisque
629 510 779 575 coire,
803 514 962 577 atque
987 508 1164 560 omnia
1187 513 1499 576 pertentare,
1823 523 1828 528 ’

174 579 535 645 Quaecumque
558 578 698 630 inter
720 594 775 630 se
798 578 1000 658 possint
1023 593 1298 643 congressa
1320 592 1525 640 ereare;

175 648 251 699 Ut
274 662 381 698 non
405 646 475 699 sit
497 647 703 713 mirum,
730 647 774 697 si
799 663 856 697 m
879 645 1012 709 tales
1036 645 1380 712 disposituras

173 715 499 768 Deciderunt
522 731 741 783 quoque,
766 720 821 766 et
844 714 902 765 in
927 714 1059 766 tales
1083 730 1270 765 venere
1292 717 1513 778 meatus,

175 783 432 848 Qualibus
455 783 568 835 haee
589 800 765 836 rerum
787 783 992 850 geritur
1012 798 1158 834 nune
1183 797 1386 833 summa
1408 782 1665 835 novando.

246 851 396 916 Quod
419 852 464 904 si
478 854 593 920 jam
615 869 791 904 rerum
818 852 829 863 ⁶
908 867 1050 904 orem
1072 850 1357 919 primordia
1380 866 1498 917 quse
1523 850 1646 916 sint,

176 919 295 973 Hoe
318 926 497 972 tamen
519 937 587 973 ex
611 921 739 989 ipsis
764 937 841 973 0oe
864 920 876 932 '
904 918 1197 973 rationibus
1219 919 1391 972 ausim

175 988 505 1056 confirmare,
529 989 749 1057 aliisque
772 1005 840 1041 ex
863 988 1016 1041 rebus
1039 988 1255 1041 reddere
1277 985 1476 1053 multis,

174 1057 523 1125 Nequaquam
544 1057 693 1110 nobis
718 1057 971 1109 divinitus
995 1074 1106 1109 esse
1260 1062 1372 1111 tam

174 1125 435 1179 Naturam
456 1143 660 1191 rerum;
695 1131 848 1179 tanta
872 1131 979 1178 stat
1003 1142 1111 1193 prae
1150 1126 1227 1178 ita
1250 1126 1424 1196 eulpa.
1751 1130 1858 1180 200

642 1249 856 1302 Divisio
881 1259 1028 1303 terroe
1050 1249 1128 1302 vd
1150 1250 1389 1304 initium.

248 1332 424 1386 Princi
461 1334 526 1400 io,
552 1340 810 1402 quantum
833 1334 951 1387 coeli
975 1335 1113 1402 tegit
1135 1335 1365 1403 impetus
1387 1336 1587 1402 ingens,

176 1402 311 1456 Inde
333 1403 419 1455 avi
456 1420 543 1455 am
567 1410 770 1471 partem
794 1408 997 1455 montes
1021 1403 1271 1471 silvaeque
1294 1404 1525 1457 ferarum

175 1470 469 1539 Possedere‚
493 1478 678 1525 tenent
699 1489 858 1541 rupes
882 1479 1147 1541 vastaeque
1171 1472 1389 1542 paludes

176 1541 251 1593 Et
272 1557 431 1609 mare,
455 1542 594 1609 quod
617 1542 724 1594 late
748 1548 1006 1596 terrarum
1029 1542 1251 1594 distinet
1274 1558 1403 1595 oras.

177 1608 313 1662 Inde
336 1608 466 1662 duas
488 1627 640 1678 porro
662 1627 823 1679 prope
847 1616 1022 1679 partes
1045 1610 1277 1663 fervidus
1305 1610 1474 1677 ardor,

177 1677 539 1747 Assiduusque
561 1679 670 1746 geli
691 1695 856 1746 casus,
882 1679 1193 1732 mortalibus
1216 1679 1405 1733 aufert.

178 1746 331 1810 Quod
354 1755 589 1815 superest
611 1748 739 1813 arvi,
765 1753 945 1800 tamen
968 1748 1024 1800 id
1047 1754 1241 1800 natura
1264 1764 1360 1800 sua
1378 1747 1432 1799 vi
1515 1786 1524 1795 .

179 1812 426 1867 Sentibus
449 1815 690 1883 obducat,
714 1817 774 1868 ni
796 1817 876 1869 vis
899 1816 1135 1869 humana
1157 1816 1382 1883 resistat,

180 1883 329 1936 Vita‘i
354 1900 510 1937 eausa
526 1884 701 1937 valido
724 1891 973 1938 consueta
994 1885 1199 1939 bidenti
1823 1910 1826 1917 ·

180 1952 465 2019 Ingemera
490 1959 544 2005 et
568 1960 763 2006 terram
786 1955 975 2023 pressis
997 1955 1326 2024 proscindere
1351 1955 1566 2009 aratris:
1754 1958 1857 2007 210

179 2021 238 2073 Si
260 2037 367 2073 non
391 2021 661 2085 foeeundas
684 2029 948 2076 vertentes
970 2041 1178 2076 vomere
1201 2023 1379 2092 glebas

179 2089 464 2159 Terra'1'que
488 2091 656 2144 solum
681 2091 795 2144 subi
833 2098 980 2144 entes
1003 2093 1171 2144 cimus
1194 2093 1262 2144 ad
1291 2099 1465 2155 ortus;

181 2157 378 2226 Sponte
402 2176 498 2212 sua
520 2166 785 2228 nequeant
833 2161 1036 2229 'quidas
1060 2161 1308 2213 exsistere
1332 2161 1389 2213 in
1413 2177 1581 2214 auras.

182 2226 256 2278 Et
278 2232 456 2280 tamen
479 2228 750 2281 interdum
772 2246 964 2296 magno
987 2233 1208 2298 quaesita
1231 2229 1419 2296 labore,

183 2294 362 2354 Quum
377 2297 494 2363 jam
515 2314 611 2365 per
632 2303 796 2350 terras
819 2297 1068 2350 frondent
1091 2303 1250 2365 atque
1274 2299 1451 2350 omnia
1473 2297 1679 2362 florent,

181 2364 295 2416 Aut
316 2364 494 2417 nimiis
517 2371 679 2418 torret
703 2365 992 2419 fervoribus
1016 2365 1263 2420 aetherius
1288 2367 1377 2432 sol,

182 2431 296 2486 Aut
318 2432 482 2485 subiti
503 2434 771 2503 perimunt
794 2434 986 2487 imbres
1007 2435 1301 2503 gelidaeque
1324 2436 1544 2504 pruina-7

183 2499 477 2570 Flabraque
501 2510 778 2556 ventorum
801 2504 1031 2557 violento
1056 2503 1268 2556 turbine
1292 2509 1503 2555 vexant.

253 2568 529 2638 Praeterea,
553 2588 719 2639 genus
743 2572 1057 2624 horriferum
1082 2577 1275 2625 natura
1298 2571 1542 2636 ferarum,

185 2635 450 2690 Humanas
474 2640 620 2707 genti
643 2641 909 2706 infestum,
934 2646 1178 2708 terraque
1200 2639 1450 2706 marique,
1758 2641 1864 2691 220

186 2706 292 2759 Gur
312 2706 425 2775 alit,
449 2715 609 2776 atque
633 2714 794 2777 auget
816 2708 835 2761 2
872 2726 966 2761 cur
989 2709 1115 2762 anni
1140 2714 1377 2776 tempora
1399 2705 1602 2759 morbos
