2084 3000
748 181 972 237 LIBER
1007 180 1346 247 QUARTUS.
1739 158 1744 163 ’
1772 183 1871 232 143

197 286 338 338 Inde
362 285 542 339 Venus
565 284 711 337 varia
734 284 975 353 producit
999 287 1136 335 sorte
1160 282 1371 348 figuras,

196 355 570 422 Majorumque
591 353 752 405 refert
775 351 968 417 vultus,
994 367 1263 417 vocesque,
1287 363 1563 415 comasque
1582 365 1597 411 3
1738 350 1875 400 1220

199 422 638 490 Quandoquidem
662 421 828 472 nihilo
850 421 1026 471 minus
1051 419 1165 471 haec
1189 419 1254 469 de
1280 417 1475 469 semine
1500 423 1642 467 certo

197 491 384 558 Fiunt,
409 507 568 558 quam
591 486 749 540 facies
773 495 827 540 et
851 505 1064 556 corpora
1086 485 1420 553 membraque
1443 483 1605 538 nobis.

199 559 275 611 Et
297 559 552 613 muliebre
576 558 742 609 oritur
766 557 934 624 patrio
959 556 1025 608 de
1050 556 1244 607 semine
1268 555 1493 619 saeclum,

197 627 548 694 Maternoque
570 642 738 678 mares
763 624 1026 678 exsistunt
1050 640 1259 690 corpore
1284 622 1427 674 creti.

199 694 418 763 Semper
440 695 582 747 enim
606 699 788 761 partus
813 693 1012 761 duplici
1036 692 1106 761 de
1126 691 1322 743 semine
1346 693 1578 742 constat:

199 763 397 829 Atque,
419 763 530 814 utri
553 761 720 814 simile
744 767 824 813 est
846 761 1015 827 magis
1040 760 1112 827 id,
1137 759 1499 827 quodcumque
1523 763 1746 825 creatur,

199 830 333 898 Ejus
357 829 516 882 habet
539 830 658 898 plus
717 835 829 881 arte
853 845 1027 897 aequa3
1062 829 1200 896 quod
1224 842 1431 878 cernere
1455 827 1632 894 possis,

200 897 325 951 Sive
348 897 523 951 virum
547 898 673 950 subo
695 915 763 962 es,
788 897 896 950 sive
920 903 1000 948 est
1022 896 1289 948 muliebris
1314 895 1472 960 origo.

272 966 384 1019 Nec
407 966 590 1018 divina
613 970 784 1017 satum
808 965 1094 1032 genitalem
1118 964 1337 1016 numina
1360 963 1607 1030 cuiquam

201 1034 525 1100 Absterrent,
548 1040 699 1102 pater
719 1050 753 1086 a
775 1034 915 1084 natis
938 1050 1006 1085 ne
1029 1033 1269 1085 dulcibus
1292 1047 1529 1099 unquam
1739 1034 1874 1084 1230

206 1103 533 1171 Appelletur,
557 1107 612 1154 et
636 1109 695 1154 ut
719 1102 887 1153 sterili
911 1102 1112 1154 Venere
1136 1101 1316 1168 exigat
1339 1116 1541 1163 aevum3

204 1170 357 1235 Quod
379 1170 686 1239 plerumque
708 1175 926 1239 putant,
943 1177 996 1221 et
1018 1171 1189 1221 multo
1213 1170 1468 1236 sanguine
1490 1167 1664 1220 moesti

204 1239 567 1307 conspergunt
589 1256 720 1305 aras,
744 1238 1060 1305 adolentque
1084 1238 1273 1289 altaria
1295 1237 1458 1302 donis,

204 1307 280 1359 Ut
304 1308 545 1374 gravidas
567 1306 792 1359 reddant
814 1323 1003 1359 uxores
1028 1307 1225 1358 semine
1248 1305 1424 1371 largo:

201 1375 574 1443 Nequidquam
597 1374 782 1426 divum
803 1391 1015 1440 numen,
1036 1378 1302 1440 sortesque
1325 1373 1572 1439 fatigant.

201 1443 342 1495 Nam
365 1444 564 1496 steriles
586 1443 811 1494 nimium
828 1459 996 1494 crasso
1020 1449 1145 1494 sunt
1168 1440 1364 1494 semine
1387 1440 1597 1509 partim,

203 1511 275 1564 Et
298 1512 497 1581 liquido
521 1519 708 1581 praeter
723 1514 929 1579 justum
953 1512 1206 1578 tenuique
1229 1510 1473 1563 vicissim.

203 1580 394 1646 Tenue,
418 1581 544 1633 locis
569 1581 694 1647 quia
716 1597 823 1632 non
847 1580 984 1648 potis
1009 1586 1090 1631 est
1113 1579 1323 1646 affigere
1347 1577 1632 1642 adhaesum,

204 1648 449 1717 Liquitur
473 1648 750 1717 extemp10,
775 1654 829 1700 et
851 1652 1156 1701 revocatum
1179 1647 1319 1698 cedit
1343 1645 1557 1698 abortu:

204 1716 435 1768 crassius
457 1717 556 1769 hoc
578 1734 743 1785 porro,
769 1718 1015 1784 quoniam
1038 1715 1330 1769 concretius
1352 1730 1503 1782 aequo
1738 1716 1874 1766 1240

209 1784 462 1852 Mittitur,
487 1791 583 1838 aut
609 1802 715 1837 non
739 1792 850 1837 tam
873 1785 1077 1854 prolixo
1100 1784 1338 1865 provolat
1361 1783 1494 1847 ictu,

204 1852 316 1905 Aut
339 1859 611 1921 penetrare
635 1853 771 1906 locos
795 1871 942 1921 aeque
964 1860 1169 1921 nequit,
1194 1859 1290 1906 aut
1315 1856 1663 1920 penetratum,

206 1921 363 1988 AEgre
386 1921 700 1974 admiscetur
722 1921 966 1974 muliebri
990 1922 1187 1975 semine
1212 1937 1401 1974 semen.

204 1989 255 2041 N
255 2006 341 2041 am
363 1990 593 2042 multum
615 1990 900 2042 harmoniae
925 1990 1144 2043 Veneris
1168 1990 1375 2042 differre
1398 1989 1677 2053 videntur-3

204 2057 378 2126 Atque
401 2058 530 2111 alias
554 2058 646 2110 alii
670 2060 933 2177 complent
956 2060 1138 2126 magis,
1165 2076 1231 2110 ex
1255 2059 1476 2126 aliisque

204 2125 506 2194 Suscipiunt
528 2127 644 2178 aliae
669 2143 772 2195 pon
812 2143 870 2178 us
893 2128 1075 2194 magis,
1099 2127 1261 2194 inque
1283 2131 1611 2194 gravescunt.

205 2193 276 2244 Et
297 2195 478 2248 multae
503 2195 702 2247 steriles
726 2194 1010 2262 hymenaeis
1033 2200 1158 2247 ante
1181 2196 1400 2257 fuerunt

206 2261 465 2330 Pluribus,
490 2269 544 2315 et
567 2269 737 2315 nactae
762 2271 882 2331 post
906 2268 1032 2314 sunt
1056 2269 1250 2329 tamen,
1277 2263 1417 2315 unde
1440 2261 1642 2332 puellos

207 2329 475 2399 Suscipere
499 2338 554 2384 et
577 2337 735 2400 partu
757 2337 968 2399 possent
990 2330 1244 2382 ditescere
1268 2330 1442 2394 dulci3

204 2398 288 2464 Et,
312 2399 503 2465 quibus
526 2406 650 2452 ante
674 2399 815 2452 domi
837 2398 1097 2451 foecundae
1122 2415 1259 2466 saepe
1283 2400 1584 2467 nequissent
1735 2400 1871 2449 1250

206 2466 402 2519 Uxores
426 2485 621 2536 parere,
644 2468 863 2520 inventa
886 2473 966 2519 est
988 2467 1096 2519 illis
1120 2483 1324 2535 quoque
1348 2484 1559 2535 compar

207 2534 424 2602 Natura,
446 2541 510 2588 ut
533 2541 751 2604 possunt
773 2535 913 2588 natis
936 2535 1144 2587 munire
1169 2540 1448 2587 senectam.

273 2602 449 2671 Usque
472 2604 602 2657 adeo
623 2604 803 2671 magni
825 2604 998 2669 refert,
1022 2609 1088 2655 ut
1112 2603 1311 2656 semina
1334 2601 1532 2670 possint

208 2670 500 2725 Seminibus
524 2671 844 2725 commisceri
866 2671 1171 2739 genitaliter
1193 2676 1334 2739 apta,
