2084 3000
804 179 1271 233 ARGUMENTA.
1797 180 1856 233 ix

177 296 434 344 efficientis
458 294 528 357 [v.
556 294 850 356 113-117].
921 295 1070 342 Suam
1102 300 1263 341 sutem
1288 295 1430 356 poeta
1456 285 1741 342 sententiam
1770 294 1852 342 fir-

179 382 282 422 mat
305 375 492 422 duobus
513 374 835 435 argumentisz
868 373 1037 434 primo,
1063 373 1191 435 quod
1212 374 1260 419 in
1287 372 1515 420 membris
1537 373 1681 420 etiam
1703 373 1852 420 muti-

178 449 290 497 latis
322 450 422 497 vita
452 449 569 495 insit
590 446 660 510 [V.
690 447 984 511 118-121],
1018 448 1182 506 altero,
1215 449 1344 511 quod
1377 448 1532 496 calore
1561 449 1775 511 privatus
1807 455 1857 497 et

180 529 369 591 spiritu,
389 529 533 576 homo
564 527 796 575 moriatur
822 526 891 588 [v.
921 527 1215 590 122—137J.
1281 528 1481 583 Verum,
1512 543 1573 575 ne
1605 528 1853 575 vocabulis

176 608 448 669 promiscue
460 607 746 668 usurpandis
768 607 930 654 minus
953 607 1178 654 distincte
1202 607 1428 654 disserere
1442 607 1673 664 videatur,
1690 614 1849 655 osten-

179 686 266 743 dit,
291 686 506 733 animum
527 693 573 733 et
593 685 805 732 animam
828 685 954 732 inter
972 700 1023 732 se
1046 686 1241 747 quidem
1262 686 1564 746 junctissime
1582 686 1753 743 teneri,
1769 686 1854 733 sed

176 769 375 812 animum
398 764 479 826 (τὸ
499 763 720 826 λογικόν)
744 764 1040 827 praecipuam
1073 780 1177 811 esse
1201 771 1399 827 partem,
1424 766 1622 827 ejusque
1649 766 1849 814 domici-

175 846 300 895 lium
332 861 436 894 esse
466 847 517 895 in
547 846 707 894 medio
739 851 943 909 pectore,
978 851 1143 906 utpote
1174 844 1226 891 in
1258 859 1355 907 quo
1388 844 1658 892 affectiones
1694 845 1845 892 animi

177 926 435 981 exsistant3
470 929 664 974 animam
693 930 857 973 contra
877 924 958 986 (τὸ
980 923 1183 986 ἄλογον)
1207 939 1293 986 per
1310 931 1464 973 totum
1494 924 1718 973 diffusam
1742 940 1847 974 cor-

175 1021 286 1070 pus,
306 1006 368 1052 ad
388 1011 563 1053 nutum
583 1005 732 1052 animi
753 1005 934 1052 moveri
959 1003 1032 1066 [v.
1062 1003 1354 1067 138—161].
1412 1005 1581 1053 Animi
1604 1012 1650 1053 et
1671 1005 1848 1052 animae

175 1092 400 1133 naturam
436 1100 710 1149 corpoream
749 1100 876 1133 esse:
921 1085 1099 1147 quippe
1140 1085 1201 1131 ab
1243 1085 1403 1132 animo
1445 1086 1580 1148 tangi
1621 1086 1852 1143 animam,

177 1181 325 1228 quam
366 1171 571 1221 moveat,
614 1165 675 1212 ab
718 1166 878 1213 anima
920 1172 1082 1213 autem
1117 1181 1315 1228 corpus:
1361 1167 1554 1215 nullum
1592 1182 1718 1223 vero,
1755 1167 1850 1215 nisi

174 1243 303 1291 inter
342 1259 554 1306 corpora,
598 1249 872 1291 contactum
919 1243 988 1306 [V.
1032 1244 1329 1308 162—177].
1395 1246 1529 1295 Eum
1569 1261 1849 1308 corporeum

177 1323 395 1371 animum
438 1322 662 1385 componi
704 1338 764 1370 ex
813 1324 983 1371 atomis
1026 1325 1381 1383 minutissimis,
1425 1326 1752 1374 subtilissimis
1802 1332 1851 1374 et

175 1403 387 1449 maxime
410 1403 640 1460 rotundis,
658 1403 832 1464 partim
866 1419 927 1450 ex
959 1419 1137 1466 magna
1168 1405 1343 1453 mentis
1373 1407 1638 1454 mobilitate
1660 1404 1731 1468 [v.
1758 1405 1847 1457 178

175 1482 383 1546 -203],
396 1484 572 1546 partim
594 1500 653 1531 ex
674 1498 729 1531 eo
745 1484 1112 1543 demonstratur,
1128 1486 1257 1548 quod
1273 1485 1481 1547 corporis
1493 1486 1671 1533 mortui
1683 1484 1850 1534 eadem

176 1550 252 1619 sit,
290 1578 400 1625 quae
435 1563 784 1621 fuit-viventis,
820 1564 985 1619 moles,
1023 1564 1154 1610 idem
1195 1564 1384 1627 pondus
1437 1564 1506 1625 [v.
1548 1565 1847 1628 204—231].

178 1643 285 1691 Nec
317 1658 428 1690 vero
462 1643 668 1705 simplex
701 1650 773 1691 est
811 1644 1017 1702 animus,
1052 1643 1135 1690 sed
1172 1643 1407 1689 conflatus
1440 1659 1466 1690 e
1498 1644 1667 1702 calore,
1689 1651 1847 1704 vento,

176 1725 286 1769 aete
324 1729 372 1770 et
409 1723 504 1769 alis
538 1724 734 1785 insuper
761 1738 829 1780 re,
855 1739 964 1786 quae
1001 1737 1063 1770 ex
1090 1722 1401 1780 tenuissimiS,
1431 1723 1767 1772 minutissimis
1802 1732 1849 1773 et

174 1802 385 1850 maxime
403 1802 658 1850 mobilibus
680 1803 852 1850 atomis
874 1811 1112 1862 constans,
1136 1818 1305 1851 sensus
1333 1803 1623 1867 principium
1646 1811 1694 1852 et
1716 1805 1847 1867 origo

174 1889 246 1929 est
270 1880 340 1942 [v.
365 1879 664 1942 232-258].
732 1881 859 1931 Quae
892 1889 1097 1943 quatuor
1128 1896 1204 1928 res
1237 1882 1305 1928 ita
1334 1883 1459 1930 inter
1488 1896 1541 1930 se
1566 1883 1845 1943 miscentur,

173 1968 232 2009 ut
252 1976 414 2019 unam,
436 1977 522 2024 pro
544 1962 732 2010 diversa
751 1962 1072 2010 animantium
1092 1970 1279 2020 natura,
1297 1963 1617 2012 substantiam
1640 1964 1847 2013 efficiant

175 2039 249 2101 [V.
275 2040 572 2102 259-323].
641 2040 710 2087 Et
730 2045 864 2088 tanta
884 2047 957 2088 est
980 2042 1154 2089 animae
1179 2049 1228 2089 et
1248 2042 1457 2105 corporis
1482 2044 1775 2105 conjunctio,
1792 2049 1849 2090 ut

174 2120 277 2168 sine
300 2120 553 2182 utriusque
574 2120 781 2182 pernicie
805 2121 1010 2184 separari
1031 2128 1274 2184 nequeant
1298 2121 1368 2185 [v.
1394 2122 1693 2186 324—35OJ.
1741 2123 1843 2170 Ne·

173 2215 268 2262 que
301 2199 461 2248 anima
492 2200 652 2247 solum
685 2200 843 2258 sentit,
867 2201 951 2248 sed
982 2201 1129 2249 etiam
1159 2216 1360 2265 corpus;
1404 2217 1488 2249 seu
1509 2202 1669 2266 potius
1690 2207 1848 2249 totum

173 2280 370 2336 animal,
393 2295 420 2327 e
442 2295 636 2341 corpore
669 2286 717 2327 et
748 2280 910 2327 anima
934 2281 1257 2343 compositum
1281 2280 1354 2344 [v.
1376 2281 1675 2343 351-37OJ.
1731 2281 1848 2329 Post

172 2360 280 2406 haec
301 2361 443 2421 poeta
459 2360 637 2407 refutat
659 2360 932 2422 opinionem
955 2360 1237 2419 Democriti,
1254 2362 1470 2423 singulas
1492 2361 1665 2409 anImae
1687 2367 1846 2424 partes

172 2437 383 2499 singulis
415 2438 624 2500 corporis
654 2439 871 2502 partibus
903 2440 1146 2502 oppositas
1167 2455 1270 2487 esse
1292 2447 1437 2503 atque
1459 2453 1695 2486 connexas
1717 2453 1844 2485 asse-

168 2517 381 2564 verantis
416 2515 491 2579 [v.
521 2517 830 2579 371—396]‘;
877 2523 925 2564 et
956 2523 1013 2564 ut
1045 2525 1185 2564 antes
1217 2518 1455 2574 docuerat,
1490 2517 1708 2564 animum
1741 2531 1845 2564 esse

169 2597 405 2661 potiorem
428 2596 650 2645 animalis
669 2603 870 2661 partem,
890 2597 959 2644 sic
982 2598 1042 2646 ab
1062 2597 1222 2645 animo
1237 2597 1412 2661 potius,
1428 2610 1574 2659 quam
1595 2595 1656 2647 nb
1670 2596 1847 2653 anima,
