2084 3000
727 176 945 232 LIBER
979 178 1319 244 QUARTUS.
1753 181 1853 230 111

177 287 536 357 Abrotonique
558 305 756 356 graveS,
781 292 836 340 et
857 287 1032 340 tristia
1057 288 1373 341 Centaurea:

181 357 417 420 Quorum
438 356 827 424 unumquodvis
849 357 1034 409 leviter
1060 358 1105 409 si
1128 357 1263 410 forte
1288 357 1460 425 ciebis,

180 425 324 489 Quin
346 425 522 494 potius
546 442 741 492 noscaS,
764 442 941 477 rerum
965 425 1244 478 simulacra
1267 443 1459 493 vagare

179 492 359 546 Multa
380 493 547 546 modis
569 493 767 560 multis,
791 493 941 545 nulla
963 493 1030 560 vi,
1056 510 1301 563 cassaque
1325 511 1511 548 sensu:

179 559 446 628 [Quorum
470 562 728 631 quantula
750 579 871 630 pars
895 562 965 614 sit
987 562 1176 631 imago,
1200 563 1372 614 dicere
1394 580 1547 615 nemo
1569 568 1650 616 est

180 631 291 691 Qui
314 631 492 700 possit,
515 648 682 699 neque
707 647 824 682 eam
846 631 1104 683 rationem
1126 631 1341 683 reddere
1365 631 1520 684 dictis
1530 633 1595 702 ⁰.]

257 697 360 751 Sed
383 716 450 752 ne
472 700 608 752 forte
631 705 800 768 putee,
824 716 887 752 ea
910 699 1124 751 demum
1148 698 1258 753 sola
1280 701 1476 766 vagari,
1754 703 1857 756 130

180 767 534 837 Quaecumque
557 768 624 821 ab
645 768 801 820 rebus
823 784 1001 820 rerum
1024 767 1306 821 simulacra
1329 769 1611 822 recedunt:
1843 802 1853 809 -

600 891 682 944 De
704 890 930 944 nubibus
951 889 1239 943 simulacra
1257 889 1434 961 qiqni.

180 973 319 1027 Sunt
342 975 517 1042 etiam,
541 992 659 1043 quae
683 980 867 1044 sponte
891 991 986 1028 sua
1007 974 1315 1042 gignuntur,
1339 974 1532 1044 etipsa

181 1043 590 1097 Constituuntur
612 1045 669 1095 in
694 1043 794 1096 hoc
817 1043 960 1110 coelo,
986 1044 1080 1112 qui
1103 1043 1301 1095 dicitur
1324 1044 1443 1096 aer:

182 1110 311 1176 Quae
335 1111 519 1165 multis
541 1112 768 1165 formata
789 1111 958 1164 modis
982 1111 1205 1163 sublime
1227 1112 1485 1179 feruntur,

179 1177 292 1233 Nec
316 1181 542 1249 speciem
565 1187 770 1233 mutare
795 1198 944 1233 suam
966 1179 1230 1248 liquentia
1253 1187 1473 1248 cessant,

179 1248 255 1301 Et
277 1251 530 1318 cujusque
552 1250 694 1302 modi
716 1250 1004 1303 formarum
1028 1254 1230 1301 vertere
1253 1249 1311 1300 in
1334 1266 1454 1314 ora3

180 1316 258 1369 Ut
280 1317 447 1370 nubes
469 1318 626 1371 facile
649 1319 916 1371 interdum
940 1333 1265 1370 concrescere
1286 1317 1346 1369 in
1369 1317 1480 1370 alto

182 1384 469 1453 Cernimus,
492 1392 546 1439 et
568 1387 757 1439 mundi
780 1386 1005 1456 speciem
1028 1386 1224 1439 violare
1247 1403 1495 1454 serenam,

183 1453 325 1508 Aera
348 1454 638 1509 mulcentes
661 1460 837 1509 motu:
873 1472 999 1508 nam
1023 1472 1162 1524 saepe
1185 1455 1466 1523 gigantum

181 1524 288 1576 Ora
309 1524 484 1577 volare
508 1526 769 1592 videntur,
794 1530 849 1578 et
870 1524 1112 1577 umbram
1137 1524 1325 1576 ducere
1348 1524 1483 1577 late:
1751 1528 1856 1579 140

182 1591 458 1646 Interdum
481 1594 661 1661 magni
683 1601 886 1646 montes
910 1593 1195 1660 avulsaque
1219 1609 1348 1645 saxa
1545 1607 1562 1631 ὁ
1605 1629 1613 1639 -
1813 1640 1820 1646 .

181 1660 452 1714 Montibus
474 1663 689 1729 anteire,
716 1668 769 1715 et
793 1662 953 1715 solem
977 1660 1252 1714 succedere
1274 1666 1493 1728 praeter3

182 1728 316 1782 Inde
338 1730 466 1783 alios
490 1732 696 1784 trahere
721 1737 878 1798 atque
901 1729 1150 1782 inducere
1173 1728 1349 1781 bellua
1371 1729 1589 1784 nimbos⁴

249 1798 408 1851 Nunc
430 1816 493 1851 ea
516 1816 674 1868 quam
696 1800 842 1852 facili
865 1806 919 1851 et
943 1799 1100 1851 celeri
1121 1798 1323 1851 ratione
1345 1803 1611 1865 gerantur,

181 1866 544 1936 Perpetuoque
565 1868 737 1921 fluant
760 1867 827 1920 ab
850 1867 1016 1935 rebus,
1040 1867 1291 1935 lapsaque
1314 1866 1518 1920 cedant.

180 1934 395 2004 Semper
417 1935 560 1988 enim
582 1953 847 1989 summum
870 1936 1127 2005 quidquid
1150 1936 1216 1987 de
1238 1934 1391 1988 rebus
1414 1934 1666 2003 abundat,

182 2002 340 2063 Quod
351 2005 685 2084 jaculentur:
721 2012 776 2058 et
799 2004 897 2057 hoc
920 2004 1050 2057 alias
1076 2020 1238 2073 quum
1260 2004 1501 2073 pervenit
1522 2006 1581 2058 in
1603 2023 1703 2073 res,

181 2070 408 2141 Translt,
431 2079 497 2126 ut
518 2074 577 2125 in
600 2074 783 2142 primis
806 2079 1029 2127 vestem:
1068 2073 1157 2125 sed
1182 2073 1271 2125 ubi
1294 2089 1478 2142 aspera
1501 2090 1629 2127 saxa

181 2139 293 2192 Aut
315 2141 375 2191 in
395 2142 669 2194 materiem
691 2142 826 2209 ligni
849 2142 1106 2210 pervenit,
1130 2141 1204 2193 ibi
1219 2145 1336 2208 Jam

180 2208 467 2276 Scinditur,
486 2216 549 2262 ut
571 2211 780 2263 nullum
804 2210 1141 2262 simulacrum
1163 2210 1378 2263 reddere
1400 2211 1575 2278 possit.
1752 2215 1854 2265 150

178 2277 254 2330 At
278 2293 458 2345 quum,
485 2277 759 2346 splendida
781 2295 901 2359 quae
926 2283 1184 2345 constant,
1210 2285 1427 2347 opposta
1448 2279 1679 2347 fuerunt,

179 2345 473 2414 Densaque,
490 2352 553 2399 ut
577 2347 634 2398 in
658 2348 839 2415 primls
859 2347 1132 2415 speculum
1146 2351 1254 2410 est3
1278 2346 1414 2398 nihil
1429 2349 1622 2401 accidit
1637 2349 1850 2402 horum:

177 2412 317 2466 Nam
340 2431 510 2483 neque
532 2416 615 2467 uti
639 2422 836 2467 vestem
859 2420 1079 2484 possunt
1102 2416 1338 2483 transire,
1361 2432 1531 2483 neque
1555 2423 1679 2468 ante
1783 2419 1790 2422 ’

179 2482 375 2549 Scindi,
400 2501 558 2551 quam
581 2484 822 2536 meminit
846 2484 1004 2536 loevor
1026 2489 1275 2552 praestare
1299 2484 1538 2536 salutem.

180 2550 509 2619 Quapropter
531 2552 609 2619 fit,
632 2557 696 2604 ut
721 2552 846 2605 hinc
868 2552 1016 2605 nobis
1040 2552 1319 2605 simulacra
1341 2551 1653 2604 redundent.

178 2620 250 2673 Et
272 2621 513 2688 quamvis
538 2620 722 2688 subito,
749 2621 932 2689 quovis
955 2620 1012 2672 in
1037 2627 1283 2689 tempore,
1308 2636 1567 2688 quamque

823 2709 841 2729 ‘
870 2707 1031 2746 Desunt
1047 2705 1092 2744 in
1110 2705 1207 2743 ΜΕ.
