2084 3000
679 177 895 231 LIBER
930 178 1271 243 QUARTUS.
1705 181 1808 263 122

126 282 309 347 Quam
332 297 450 349 quae
472 279 774 349 percipiunt
797 281 985 347 oculos,
1007 281 1281 350 visumque
1302 281 1591 345 lacessunt3

126 351 371 420 Corporis
394 350 508 401 haec
533 349 778 415 quoniam
802 354 1082 417 penetrant
1106 366 1200 419 per
1222 367 1354 416 rara,
1379 349 1622 418 cientque

126 419 366 473 'lennem
388 418 553 470 animi
575 424 820 469 naturam
843 417 1000 484 intus,
1025 434 1233 470 sensum
1266 435 1334 470 ue
1356 417 1632 470 lacessunt.

201 487 490 540 Centauros
515 485 694 552 itaque
719 491 773 537 et
797 484 1091 552 Scyllarum
1112 503 1253 538 mem
1286 503 1347 539 ra
1368 485 1621 552 videmus,

129 554 511 622 Cerbereasque
533 569 725 606 canum
747 553 940 620 fauces,
965 553 1343 623 simulacraque
1366 570 1559 622 eorum,

130 624 369 688 Quorum
390 626 558 674 morte
581 621 724 675 obita
747 621 905 673 tellus
928 622 1265 690 amplectitur
1286 638 1426 676 ossa:

131 691 303 744 Omne
326 707 508 758 genua,
534 690 781 756 quoniam
805 688 998 758 passim
1022 690 1301 742 simulacra
1323 690 1583 758 feruntur,

131 759 340 813 Partim
363 764 547 827 sponte
571 774 667 810 sua
723 774 805 810 uae
828 757 967 810 fiunt
991 759 1113 810 aere
1137 758 1194 810 in
1217 758 1344 826 ipso,

132 827 340 881 Partim
364 843 480 896 quoe
504 825 663 878 variis
685 842 718 878 a
775 825 929 878 rebus
952 842 1177 894 cumque
1199 825 1465 893 recedunt,

145 896 220 950 Et
238 894 361 964 ‘quae
385 893 669 947 conficiunt
693 910 760 946 ex
783 893 970 946 horum
993 894 1139 947 facta
1161 893 1355 962 figuris.
1706 892 1810 949 ⁷40

133 962 278 1017 Nam
299 969 440 1016 certe
466 980 535 1015 ex
556 962 677 1015 vivo
701 961 949 1015 Centauri
971 979 1079 1015 non
1100 962 1163 1014 fit
1186 960 1375 1030 imago,
1799 976 1803 980 ·

134 1031 304 1085 Nulla
323 1031 432 1084 fuit
455 1030 703 1099 quoniam
726 1029 848 1083 talis
872 1035 1067 1083 natura
1088 1030 1315 1084 enimait

138 1098 336 1153 Verum
358 1099 453 1152 ubi
475 1099 598 1167 equi
621 1102 779 1166 atque
802 1097 1028 1151 hominis
1051 1115 1176 1153 casu
1200 1098 1445 1152 convenit
1467 1098 1654 1167 imago,

141 1166 398 1221 Haerescit
420 1168 576 1220 facile
600 1167 879 1235 extemplo,
905 1167 1045 1235 quod
1068 1167 1299 1220 diximus
1322 1173 1461 1236 ante,

138 1235 360 1305 Propter
382 1235 629 1289 subtilem
651 1240 898 1287 naturam
921 1241 975 1289 et
999 1235 1183 1289 tenuia
1205 1240 1368 1289 texta.

211 1305 396 1358 Cetera
418 1304 484 1357 de
507 1320 695 1372 genere
717 1304 817 1355 hoc
840 1304 1023 1356 eadem
1046 1304 1248 1359 ratione
1271 1308 1528 1358 creantur.

141 1373 277 1435 Ques
300 1388 465 1442 quum
486 1372 750 1424 mobiliter
773 1389 977 1427 summa
998 1372 1217 1426 levitate
1238 1372 1498 1440 feruntur,

140 1442 217 1494 Ut
239 1441 385 1510 prius
409 1440 626 1509 ostendi,
650 1440 806 1493 facile
830 1457 934 1493 uno
959 1446 1245 1495 commovet
1268 1441 1382 1493 ictu

141 1510 403 1574 Quaelibet
425 1527 532 1563 una
555 1510 791 1562 animum
812 1509 962 1562 nobis
985 1510 1193 1563 subtilis
1217 1510 1405 1577 imago.

140 1579 334 1632 Tenuis
357 1579 497 1631 enim
519 1594 665 1630 mens
689 1583 783 1645 est,
808 1583 862 1631 et
884 1579 1014 1631 mire
1036 1578 1243 1631 mobilis
1265 1579 1394 1647 ipsa.
1705 1578 1807 1631 750

211 1646 344 1700 Haec
365 1647 494 1713 fieri,
519 1650 582 1699 ut
605 1663 844 1714 memoro,
867 1647 1023 1700 facile
1047 1646 1173 1698 hinc
1197 1662 1501 1714 cognoscere
1526 1644 1703 1715 possis,

144 1714 414 1780 Quatenus
438 1715 536 1767 hoc
561 1715 729 1767 simile
753 1721 832 1770 est
855 1715 950 1796 ini,
975 1716 1115 1784 quod
1138 1720 1313 1767 mente
1337 1714 1590 1782 videmus,
1805 1713 1810 1720 ’

142 1784 318 1853 Atque
340 1783 501 1836 oculis
525 1782 683 1835 simili
705 1782 819 1836 fieri
840 1789 1042 1837 ratione
1065 1800 1271 1836 neeesse
1294 1788 1388 1837 est.

142 1851 194 1904 N
198 1869 297 1905 unc
319 1852 500 1920 igitur,
525 1851 680 1905 docui
703 1852 963 1920 quoniam,
986 1870 1072 1905 me
1095 1852 1230 1905 forte
1253 1851 1464 1904 leonum

145 1921 363 1973 Cernere
384 1936 479 1989 per
501 1920 791 1987 simulacra,
815 1920 989 1973 oculos
1013 1938 1353 1990 quaecumque
1375 1920 1668 1975 lacessunt:

144 1987 286 2042 Scire
308 1988 447 2055 licet,
470 1993 701 2042 mentem
726 1989 885 2041 simili
906 1990 1109 2043 ratione
1132 1989 1328 2043 moveri

146 2056 245 2109 Per
269 2056 544 2110 simulacra
563 2057 776 2110 leonum
799 2063 986 2126 cetera,
1011 2075 1127 2127 quae
1151 2058 1297 2112 videt
1319 2073 1485 2126 seque,

146 2124 254 2179 Nec
275 2125 464 2193 minus,
482 2131 643 2194 atque
660 2127 826 2190 oculi3
849 2126 951 2178 nisi
967 2125 1107 2195 quod
1129 2143 1281 2194 mage
1297 2126 1481 2180 tenuia
1503 2126 1683 2184 cernit.

214 2193 324 2246 Nec
344 2194 546 2246 ratione
568 2194 689 2261 alia,
715 2210 880 2262 quum
904 2210 1115 2250 somnus
1136 2194 1369 2249 membra
1389 2194 1638 2264 profudit,

148 2259 299 2315 Mens
321 2261 486 2315 animi
507 2262 711 2330 vigilat,
734 2262 838 2316 nisi
861 2279 968 2330 qua
991 2262 1270 2316 simulacra
1291 2262 1555 2318 lacessunt
1710 2261 1811 2322 701)

149 2327 278 2382 Haec
300 2329 481 2382 eadem
504 2335 706 2383 nostros
730 2330 944 2397 animos,
969 2348 1101 2399 quae,
1125 2345 1290 2401 quum
1312 2329 1619 2399 vigilamus:

149 2396 200 2450 U
259 2414 322 2450 ue
345 2398 488 2467 adeo,
512 2404 654 2452 certe
676 2404 742 2452 ut
764 2397 1038 2453 videamur
1062 2416 1270 2452 cernere
1292 2415 1430 2468 eum,
1453 2414 1624 2469 quem,

262 2465 375 2519 dita
396 2465 522 2534 vita,
539 2469 655 2536 Jam
677 2484 815 2520 mors
839 2471 894 2519 et
916 2472 1057 2521 terra
1147 2468 1249 2521 tita
1272 2469 1366 2521 est.

151 2531 264 2586 Hoc
286 2533 401 2587 ideo
423 2534 537 2588 fieri
561 2535 702 2603 cogit
723 2541 931 2603 natura,
958 2552 1029 2603 qu
1121 2552 1298 2588 omnes

152 2602 382 2670 Corporis
405 2603 577 2656 effecti
602 2621 781 2656 sensus
805 2621 897 2672 per
921 2603 1155 2657 membra
1178 2604 1469 2672 quiescunt,

150 2669 258 2724 Nec
279 2676 497 2740 possunt
519 2671 712 2725 falsum
734 2673 870 2727 veris
894 2673 1200 2726 convincere
1222 2670 1392 2728 rebus.

977 2756 1018 2794 x
