2084 3000
197 162 300 213 110
814 157 870 212 Τ.
907 156 1243 211 ΙιΠΟΒΕΤΙΙ

192 260 341 315 Ostia.
361 263 505 326 sunt,
527 275 643 326 quae
667 257 994 311 contendunt
1017 258 1161 311 exire
1185 263 1385 311 coortae.

191 330 265 383 At
289 334 484 394 contra,
508 327 682 380 tenuis
706 326 897 378 summi
920 326 1224 380 membrana,
1247 328 1432 380 coloris

192 399 370 464 Quum
385 397 598 466 jacitur,
624 395 759 447 nihil
783 400 876 462 est,
901 396 1041 463 quod
1066 413 1183 448 eam
1208 396 1495 465 discerpere
1518 397 1715 466 possit3

192 467 259 521 In
281 470 529 536 promptu
551 464 798 534 quoniam
822 469 900 517 est
923 465 981 516 in
1003 465 1176 533 prima.
1197 465 1370 518 fronte
1392 466 1579 521 locata.

806 585 888 640 De
911 585 1251 656 imqinibus.

260 671 527 725 Postremo
551 670 790 741 speculis,
812 672 871 724 in
894 689 1047 740 aqua,
1072 671 1447 741 splendoreque
1469 672 1528 725 in
1551 674 1709 741 omni,

193 740 546 811 Quaecumque
568 747 825 810 apparent
849 740 998 793 nobis
1022 740 1317 807 simulacra,
1341 758 1549 794 necesse
1573 748 1667 810 est,

191 810 626 893 Quandoquidem
650 810 810 862 simili
833 811 1003 878 specie
1026 814 1154 862 sunt
1176 810 1400 878 praedita
1419 827 1612 878 rerum,

189 878 316 933 Esse
336 879 396 932 in
419 878 734 948 imaginibus
757 879 927 930 missis
951 878 1231 931 consistere
1253 895 1445 933 eorum.

189 947 329 1001 Nam
351 965 445 1002 eur
469 949 564 1001 ina
585 947 778 1000 cedant
801 947 970 1014 magis
993 947 1062 999 ab
1085 946 1341 1016 rebusque
1361 948 1611 1002 recedant
1770 953 1877 1004 100

191 1016 430 1085 Corpora,
453 1034 536 1069 res
557 1016 737 1068 multae
762 1031 876 1083 quae
899 1015 1127 1068 mittunt
1151 1033 1362 1086 corpore
1384 1023 1579 1086 aperto,

190 1084 363 1149 Quam
385 1101 502 1166 quse
526 1084 709 1137 tenuia
731 1089 869 1149 sunt,
892 1083 1131 1137 hiscendi
1155 1091 1234 1138 est
1257 1086 1408 1139 nulla
1430 1092 1674 1155 potestas.

190 1152 327 1206 Sunt
350 1153 518 1222 igitur
540 1157 726 1205 tenues
747 1152 1038 1206 formarum
1061 1154 1444 1225 dissimilesque

189 1221 416 1290 Effigies,
441 1221 754 1290 singillatim
776 1239 906 1291 quas
930 1239 1141 1275 cernere
1163 1240 1317 1277 nemo

190 1290 370 1355 Quum
391 1291 569 1359 possit,
594 1300 788 1358 tamen,
811 1291 1018 1345 assiduo
1043 1291 1324 1360 crebroque
1346 1292 1560 1362 repulsu

192 1359 433 1428 ReJectae,
456 1359 687 1413 reddunt
711 1360 1040 1429 speculorum
1064 1378 1132 1414 ex
1156 1378 1361 1430 aequore
1385 1363 1583 1417 visum:

190 1426 301 1482 Nec
320 1428 527 1483 >ratione
549 1429 656 1482 alia.
680 1429 875 1482 servari
966 1446 1047 1482 sse
1072 1430 1320 1483 videntur

190 1497 496 1570 Tantopere,
519 1504 584 1552 ut
608 1498 802 1552 similes
824 1447 1114 1553 resideantur
1136 1501 1325 1569 cuique
1347 1501 1546 1570 figurae.

260 1568 416 1622 Nunc
439 1586 551 1638 age,
577 1586 736 1638 quam
760 1569 911 1622 tenui
934 1574 1128 1622 natura
1152 1575 1356 1623 constet
1379 1572 1569 1640 imago,

191 1637 440 1707 Percipe;
475 1643 530 1691 et
552 1638 611 1690 in
633 1638 831 1708 primis
855 1638 1104 1706 quoniam
1127 1638 1411 1707 primordia
1435 1645 1648 1694 tantum
1772 1645 1875 1694 110

188 1705 327 1760 Sunt
351 1707 492 1760 infra
513 1713 714 1761 nostros
739 1724 934 1772 sensus,
960 1712 1213 1776 tantoque
1235 1709 1454 1776 minora,

192 1775 362 1839 Quam
386 1792 501 1844 quae
526 1776 755 1843 primum
778 1777 918 1829 oculi
942 1781 1178 1845 coeptant
1200 1794 1306 1830 non
1330 1795 1479 1846 posse
1502 1778 1654 1833 tueri.

189 1843 347 1897 Nunc
372 1849 563 1910 tamen,
586 1844 643 1895 id
667 1860 873 1912 quoque
897 1846 980 1897 uti
1004 1846 1319 1914 confirmem,
1344 1847 1559 1900 exordis
1580 1864 1757 1902 rerum

190 1912 510 1966 cunctarum
532 1929 692 1980 quam
716 1913 823 1965 sint
847 1913 1078 1981 subtilia,
1103 1916 1312 1984 percipe
1335 1916 1532 1984 paucis.

635 2032 809 2100 Quam
824 2051 1000 2104 parva
1023 2034 1135 2088 sint
1159 2034 1440 2088 animalia.

261 2116 515 2185 Primum,
541 2118 795 2173 animalia
819 2125 943 2173 sunt
959 2122 1075 2188 jam
1099 2120 1296 2189 partim
1320 2120 1547 2188 tantula,
1572 2137 1753 2174 eorum
1778 2127 1840 2177 ut

190 2186 367 2240 Tertia.
388 2204 509 2255 pars
532 2188 682 2241 nulls
703 2189 867 2258 possit
889 2190 1094 2242 ratione
1118 2189 1297 2242 videri.

191 2256 397 2310 Horum
419 2256 732 2310 intestinum
754 2258 972 2327 quodvis
996 2258 1150 2327 quale
1175 2275 1284 2311 esse
1306 2258 1605 2327 putandum
1628 2259 1748 2312 est?

191 2325 329 2390 Quid
354 2325 523 2378 cordis
547 2325 748 2395 globus,
773 2332 869 2379 aut
892 2326 1068 2380 oculi?
1092 2327 1220 2396 quid
1243 2326 1512 2380 membra?
1537 2328 1669 2395 quid
1691 2327 1876 2383 artus?

192 2394 462 2457 Quantula.
485 2395 645 2447 sunt?
680 2395 809 2463 quid
833 2401 1089 2463 praeterea
1111 2395 1396 2464 primordia
1419 2412 1660 2465 quaeque,

192 2462 345 2515 Unde
358 2463 538 2515 anima
554 2468 711 2530 atque
729 2462 894 2514 animi
913 2468 1116 2515 constet
1130 2469 1321 2516 natura
1337 2481 1609 2517 necessum
1624 2471 1719 2532 est,
1770 2469 1871 2519 120

191 2529 379 2582 Nonne
402 2530 562 2595 vides,
587 2546 748 2599 quam
771 2530 879 2582 sint
902 2531 1133 2597 subtilia,
1158 2548 1418 2600 quamque
1440 2533 1690 2587 minutal

262 2596 534 2662 Praetorem
562 2613 902 2664 quaecumque
926 2614 1020 2649 suo
1043 2599 1110 2650 de
1133 2615 1343 2666 corpore
1366 2598 1576 2653 odorem

191 2663 479 2732 Exspirant
502 2680 689 2728 acrem,
711 2681 951 2732 panaces,
974 2664 1241 2719 absinthia
1264 2672 1417 2735 tetra,
