2084 3000
728 181 944 235 LIBER
979 182 1321 247 QUARTUS.
1777 187 1879 249 125

509 330 627 395 Qua
651 329 796 382 visus
818 347 928 383 non
951 338 1124 383 tranet
1145 347 1310 383 vocem
1334 339 1562 384 tranare.

260 424 413 489 Quod
438 427 687 493 superest,
710 441 816 476 non
841 429 920 476 est
943 423 1260 491 mirandum,
1284 441 1391 492 qua
1412 424 1617 478 ratione

189 491 293 547 Per
315 492 446 560 loca,
471 509 579 561 qua
600 498 872 560 nequeunt
895 492 1036 545 oculi
1059 509 1141 544 res
1166 509 1375 545 eernere
1398 499 1623 561 apertas,

190 561 323 616 Haee
346 562 462 615 loca
484 579 579 630 per
601 578 752 613 voces
776 561 1009 628 veniant,
1033 578 1289 629 auresque
1313 560 1588 616 lacessunt.

189 631 522 698 Colloquium
547 629 739 683 clausis
762 628 961 682 foribus
986 645 1195 698 quoque
1219 647 1354 698 saepe
1378 631 1630 693 videmus.
1773 633 1875 685 600

186 697 468 766 Nimirum,
493 698 618 768 quia
641 713 746 751 vox
769 715 862 767 per
879 698 1019 751 flexa
1042 698 1303 752 foramina
1325 715 1501 751 rerum

190 767 476 821 Incolumis
499 767 722 820 transire
745 772 932 836 potest,
958 767 1239 820 simulacra
1260 771 1538 822 renutant:

189 834 602 890 Persoinduntur
625 837 781 904 enim,
805 833 910 888 nisi
931 840 1079 889 recta
1101 835 1361 889 foramina
1384 842 1632 902 tranant3

189 905 386 967 Qualia
409 910 533 959 sunt
557 905 698 972 vitri,
723 905 919 974 speeies
943 921 1061 973 quae
1086 905 1314 960 travolat
1337 906 1519 959 omnis.
1618 905 1621 908 ’

259 975 534 1041 Praeterea,
559 979 736 1043 partes
758 972 818 1025 in
841 980 1059 1027 cunctas
1084 970 1342 1028 dividitur
1365 992 1485 1041 vox,

189 1043 275 1096 Ex
297 1043 414 1096 aliis
438 1038 558 1096 alies
615 1043 830 1095 uoniam
852 1041 1180 1112 gignuntur3
1215 1043 1310 1095 ubi
1332 1060 1458 1096 nam

191 1111 435 1165 Dissiluit
459 1125 597 1164 seme
640 1112 700 1164 in
721 1111 933 1179 multas,
958 1118 1142 1165 exorta
1166 1109 1316 1180 quasi
1338 1112 1478 1182 ignis

188 1180 337 1249 Saepe
359 1179 492 1233 solet
516 1179 749 1233 scintilla
772 1197 892 1261 suos
913 1197 968 1233 se
991 1196 1113 1249 spar
1143 1197 1235 1261 'ere
1257 1181 1317 1232 in
1338 1181 1502 1250 ignes.

188 1247 1525 1398 E¹0mn12⁸mpssfflssss’fffissffifssmtfflffissnm.
1769 1324 1870 1374 610

187 1385 264 1439 At
287 1386 387 1439 sim
585 1387 686 1439 v1is
710 1386 776 1438 de
798 1387 954 1440 rectis
978 1387 1155 1440 omnia
1177 1386 1422 1454 tendunt,

188 1455 266 1509 Ut
289 1459 415 1509 sunt
436 1452 595 1509 missa
617 1454 803 1509 semel:
839 1461 1157 1526 quapropter
1181 1471 1390 1509 eernere
1412 1472 1566 1509 nemo

187 1524 337 1593 Saepe
359 1541 519 1592 supra
540 1524 681 1598 potis
705 1529 798 1592 est,
823 1531 881 1579 at
905 1540 1056 1578 voces
1080 1524 1315 1593 accipere
1339 1530 1506 1577 extra.

185 1591 260 1647 Et-
282 1600 462 1647 tamen
483 1593 505 1646 i
541 1610 599 1646 sa
621 1610 827 1663 quoque
850 1594 978 1662 haee,
1003 1593 1134 1646 dum
1157 1594 1348 1646 transit
1370 1592 1547 1647 clausa
1570 1592 1790 1660 viarum,

187 1660 306 1715 Vox
330 1661 498 1715 obtun
537 1662 658 1729 ’tur,
683 1668 842 1730 atque
866 1680 1019 1716 aures
1043 1662 1263 1716 confusa
1284 1666 1557 1731 penetrat:

184 1730 259 1784 Et
281 1731 511 1785 sonitum
534 1731 722 1800 potius,
747 1747 909 1801 quam
930 1727 1106 1799 verba,
1129 1727 1315 1784 audire
1337 1730 1590 1785 videmur.

878 1843 960 1899 De
981 1860 1177 1918 sapore.

255 1930 388 1999 Hoc,
412 1931 505 2000 qui
528 1931 783 1985 sentimus
808 1947 1036 2000 succum,
1062 1932 1250 2001 lingua
1273 1936 1435 2001 atque
1458 1931 1715 2001 palatum,

184 2000 497 2054 Plusculum
520 2000 719 2054 habent
741 2001 800 2053 in
822 2018 877 2054 se
899 2002 1120 2055 rationis
1144 2002 1265 2071 plus
1289 2018 1577 2083 operaeque.

254 2068 434 2122 Prinoi
470 2069 536 2137 io,
560 2086 776 2123 succum
800 2067 1056 2123 sentimus
1079 2070 1138 2123 in
1163 2087 1264 2138 ore,
1290 2072 1468 2124 eibum
1493 2088 1659 2140 quum

180 2087 485 2219 Manqentfo
508 2137 875 2208 exprimimus:
912 2156 1010 2191 eeu
1032 2140 1246 2209 plenam
1270 2140 1544 2208 spongiam
1567 2142 1726 2209 aqua'i
1765 2141 1867 2192 620

179 2206 241 2259 Si
299 2223 379 2259 ms
401 2207 537 2260 forte
560 2223 724 2259 manu
747 2224 979 2275 premere
1003 2224 1066 2261 ac
1091 2207 1283 2261 siccare
1307 2209 1495 2277 coepit.

180 2274 248 2327 In
287 2292 331 2341 e,
355 2275 496 2344 quod
519 2275 878 2345 exprimimus,
903 2291 997 2344 per
1019 2275 1197 2329 caulas
1219 2291 1371 2329 omne
1394 2277 1562 2346 palati

178 2343 413 2410 Diditur,
438 2348 493 2396 et
514 2360 645 2397 rarae
669 2344 920 2413 perplexa
942 2343 1202 2397 foramina
1223 2344 1434 2414 linguas.

180 2410 316 2480 Hoc,
338 2411 433 2465 ubi
453 2413 610 2466 laevia
633 2419 758 2466 sunt
779 2413 1049 2465 manantis
1074 2430 1288 2483 corpora
1311 2414 1469 2480 succi,

179 2479 428 2533 Suaviter
450 2482 741 2550 attingunt,
765 2487 820 2533 et
843 2481 1075 2535 suaviter
1092 2482 1267 2534 omnia
1290 2486 1537 2548 tractant,

181 2547 423 2603 Humida
445 2549 651 2619 linguai
676 2551 875 2603 circum
899 2549 1146 2603 sudantia
1168 2549 1379 2619 templa.

177 2619 254 2673 At
278 2624 462 2671 contra
484 2624 735 2690 pungunt
760 2636 970 2671 sensum
993 2618 1331 2686 lacerantque
1355 2620 1542 2683 coorta,

177 2688 395 2750 Quanto
419 2704 638 2757 quaeque
660 2687 829 2756 magis
853 2692 977 2740 sunt
1000 2687 1283 2756 asperitate
1304 2684 1519 2754 repleta.
