<?xml version="1.0" encoding="UTF-8"?>
<!DOCTYPE html PUBLIC "-//W3C//DTD XHTML 1.0 Transitional//EN"
    "http://www.w3.org/TR/xhtml1/DTD/xhtml1-transitional.dtd">
<html xmlns="http://www.w3.org/1999/xhtml" xml:lang="en" lang="en">
 <head>
  <title>
</title>
<meta http-equiv="Content-Type" content="text/html;charset=utf-8" />
  <meta name='ocr-system' content='tesseract 3.04.00' />
  <meta name='ocr-capabilities' content='ocr_page ocr_carea ocr_par ocr_line ocrx_word'/>
</head>
<body>
  <div class='ocr_page' id='page_1' title='image "./tlucretiicaride04carugoog_0110.png"; bbox 0 0 2084 3000; ppageno 0'>
   <div class='ocr_carea' id='block_1_1' title="bbox 232 143 1285 234">
    <p class='ocr_par' dir='ltr' id='par_1_1' title="bbox 232 143 1285 234">
     <span class='ocr_line' id='line_1_1' title="bbox 232 143 1285 234; baseline 0 -1"><span class='ocrx_word' id='word_1_1' title='bbox 232 184 301 233; x_wconf 80' lang='lat'><strong>90</strong></span> <span class='ocrx_word' id='word_1_2' title='bbox 858 181 914 234; x_wconf 72' lang='grc' dir='ltr'><strong>Τ.</strong></span> <span class='ocrx_word' id='word_1_3' title='bbox 952 143 1285 234; x_wconf 67' lang='lat' dir='ltr'><strong>menstra</strong></span> 
     </span>
    </p>
   </div>
   <div class='ocr_carea' id='block_1_2' title="bbox 228 280 1911 2749">
    <p class='ocr_par' dir='ltr' id='par_1_2' title="bbox 233 280 1537 349">
     <span class='ocr_line' id='line_1_2' title="bbox 233 280 1537 349; baseline 0.002 -18"><span class='ocrx_word' id='word_1_4' title='bbox 233 280 383 332; x_wconf 88' lang='lat' dir='ltr'><strong>Inter</strong></span> <span class='ocrx_word' id='word_1_5' title='bbox 406 298 459 333; x_wconf 86' lang='lat' dir='ltr'><strong>se</strong></span> <span class='ocrx_word' id='word_1_6' title='bbox 483 283 766 349; x_wconf 75' lang='lat' dir='ltr'><strong>conjuncta</strong></span> <span class='ocrx_word' id='word_1_7' title='bbox 789 282 984 346; x_wconf 65' lang='lat' dir='ltr'><strong>valent,</strong></span> <span class='ocrx_word' id='word_1_8' title='bbox 1010 283 1226 349; x_wconf 76' lang='lat' dir='ltr'><strong>vitaque</strong></span> <span class='ocrx_word' id='word_1_9' title='bbox 1250 282 1537 333; x_wconf 85' lang='lat' dir='ltr'><strong>fruuntur:</strong></span> 
     </span>
    </p>

    <p class='ocr_par' dir='ltr' id='par_1_3' title="bbox 231 348 1461 417">
     <span class='ocr_line' id='line_1_3' title="bbox 231 348 1461 417; baseline 0.002 -18"><span class='ocrx_word' id='word_1_10' title='bbox 231 348 342 400; x_wconf 85' lang='lat' dir='ltr'><strong>Nec</strong></span> <span class='ocrx_word' id='word_1_11' title='bbox 368 349 478 402; x_wconf 89' lang='lat' dir='ltr'><strong>sine</strong></span> <span class='ocrx_word' id='word_1_12' title='bbox 501 367 712 417; x_wconf 86' lang='lat' dir='ltr'><strong>corpore</strong></span> <span class='ocrx_word' id='word_1_13' title='bbox 735 351 876 402; x_wconf 90' lang='lat' dir='ltr'><strong>enim</strong></span> <span class='ocrx_word' id='word_1_14' title='bbox 902 351 1088 402; x_wconf 80' lang='lat' dir='ltr'><strong>vitales</strong></span> <span class='ocrx_word' id='word_1_15' title='bbox 1113 350 1264 402; x_wconf 84' lang='lat' dir='ltr'><strong>edere</strong></span> <span class='ocrx_word' id='word_1_16' title='bbox 1285 358 1461 401; x_wconf 89' lang='lat' dir='ltr'><strong>motus</strong></span> 
     </span>
    </p>

    <p class='ocr_par' dir='ltr' id='par_1_4' title="bbox 232 416 1911 486">
     <span class='ocr_line' id='line_1_4' title="bbox 232 416 1911 486; baseline 0.002 -19"><span class='ocrx_word' id='word_1_17' title='bbox 232 416 354 468; x_wconf 80' lang='lat' dir='ltr'><strong>Sola.</strong></span> <span class='ocrx_word' id='word_1_18' title='bbox 375 423 549 484; x_wconf 87' lang='lat' dir='ltr'><strong>potest</strong></span> <span class='ocrx_word' id='word_1_19' title='bbox 572 418 736 470; x_wconf 82' lang='lat' dir='ltr'><strong>animi</strong></span> <span class='ocrx_word' id='word_1_20' title='bbox 761 436 851 486; x_wconf 88' lang='lat' dir='ltr'><strong>per</strong></span> <span class='ocrx_word' id='word_1_21' title='bbox 875 436 929 470; x_wconf 89' lang='lat' dir='ltr'><strong>se</strong></span> <span class='ocrx_word' id='word_1_22' title='bbox 952 426 1174 482; x_wconf 76' lang='lat' dir='ltr'><strong>natura3</strong></span> <span class='ocrx_word' id='word_1_23' title='bbox 1210 436 1307 470; x_wconf 90' lang='lat' dir='ltr'><strong>nec</strong></span> <span class='ocrx_word' id='word_1_24' title='bbox 1332 425 1511 470; x_wconf 77' lang='lat' dir='ltr'><strong>autem</strong></span> <span class='ocrx_word' id='word_1_25' title='bbox 1808 422 1911 470; x_wconf 77' lang='lat'><strong>500</strong></span> 
     </span>
    </p>

    <p class='ocr_par' dir='ltr' id='par_1_5' title="bbox 233 485 1562 555">
     <span class='ocr_line' id='line_1_5' title="bbox 233 485 1562 555; baseline 0.002 -19"><span class='ocrx_word' id='word_1_26' title='bbox 233 485 449 536; x_wconf 83' lang='lat' dir='ltr'><strong>Cassum</strong></span> <span class='ocrx_word' id='word_1_27' title='bbox 471 486 650 539; x_wconf 76' lang='lat' dir='ltr'><strong>anima</strong></span> <span class='ocrx_word' id='word_1_28' title='bbox 673 504 858 555; x_wconf 88' lang='lat' dir='ltr'><strong>corpus</strong></span> <span class='ocrx_word' id='word_1_29' title='bbox 884 487 1088 554; x_wconf 83' lang='lat' dir='ltr'><strong>durare,</strong></span> <span class='ocrx_word' id='word_1_30' title='bbox 1114 493 1168 540; x_wconf 91' lang='lat' dir='ltr'><strong>et</strong></span> <span class='ocrx_word' id='word_1_31' title='bbox 1193 486 1427 539; x_wconf 84' lang='lat' dir='ltr'>sensibus</span> <span class='ocrx_word' id='word_1_32' title='bbox 1453 487 1562 539; x_wconf 86' lang='lat' dir='ltr'><strong>uti:</strong></span> 
     </span>
    </p>

    <p class='ocr_par' dir='ltr' id='par_1_6' title="bbox 232 552 1446 623">
     <span class='ocr_line' id='line_1_6' title="bbox 232 552 1446 623; baseline 0.003 -20"><span class='ocrx_word' id='word_1_33' title='bbox 232 552 443 606; x_wconf 78' lang='lat' dir='ltr'><strong>Scilicet</strong></span> <span class='ocrx_word' id='word_1_34' title='bbox 467 555 679 607; x_wconf 82' lang='lat' dir='ltr'><strong>avulsus</strong></span> <span class='ocrx_word' id='word_1_35' title='bbox 703 556 957 608; x_wconf 77' lang='lat' dir='ltr'><strong>radicitus</strong></span> <span class='ocrx_word' id='word_1_36' title='bbox 980 562 1045 608; x_wconf 89' lang='lat' dir='ltr'><strong>ut</strong></span> <span class='ocrx_word' id='word_1_37' title='bbox 1068 557 1254 623; x_wconf 90' lang='lat' dir='ltr'><strong>nequit</strong></span> <span class='ocrx_word' id='word_1_38' title='bbox 1278 555 1446 608; x_wconf 79' lang='lat' dir='ltr'><strong>ullam</strong></span> 
     </span>
    </p>

    <p class='ocr_par' dir='ltr' id='par_1_7' title="bbox 231 620 1631 693">
     <span class='ocr_line' id='line_1_7' title="bbox 231 620 1631 693; baseline 0.003 -22"><span class='ocrx_word' id='word_1_39' title='bbox 231 620 500 689; x_wconf 87' lang='lat' dir='ltr'><strong>Dispicere</strong></span> <span class='ocrx_word' id='word_1_40' title='bbox 522 624 633 692; x_wconf 88' lang='lat' dir='ltr'><strong>ipse</strong></span> <span class='ocrx_word' id='word_1_41' title='bbox 656 624 838 677; x_wconf 85' lang='lat' dir='ltr'><strong>oculus</strong></span> <span class='ocrx_word' id='word_1_42' title='bbox 860 642 972 677; x_wconf 87' lang='lat' dir='ltr'><strong>rem</strong></span> <span class='ocrx_word' id='word_1_43' title='bbox 997 642 1225 677; x_wconf 86' lang='lat' dir='ltr'><strong>seorsum</strong></span> <span class='ocrx_word' id='word_1_44' title='bbox 1250 641 1460 693; x_wconf 84' lang='lat' dir='ltr'><strong>corpore</strong></span> <span class='ocrx_word' id='word_1_45' title='bbox 1486 630 1595 676; x_wconf 89' lang='lat' dir='ltr'><strong>toto</strong></span> <span class='ocrx_word' id='word_1_46' title='bbox 1617 642 1631 686; x_wconf 91' lang='lat'>;</span> 
     </span>
    </p>

    <p class='ocr_par' dir='ltr' id='par_1_8' title="bbox 231 688 1662 762">
     <span class='ocr_line' id='line_1_8' title="bbox 231 688 1662 762; baseline 0.003 -22"><span class='ocrx_word' id='word_1_47' title='bbox 231 688 318 741; x_wconf 86' lang='lat' dir='ltr'><strong>Sic</strong></span> <span class='ocrx_word' id='word_1_48' title='bbox 343 691 521 746; x_wconf 70' lang='lat' dir='ltr'><strong>anima</strong></span> <span class='ocrx_word' id='word_1_49' title='bbox 544 699 702 760; x_wconf 73' lang='lat' dir='ltr'><strong>atque</strong></span> <span class='ocrx_word' id='word_1_50' title='bbox 725 693 933 746; x_wconf 73' lang='lat' dir='ltr'><strong>animus</strong></span> <span class='ocrx_word' id='word_1_51' title='bbox 957 711 1051 762; x_wconf 86' lang='lat' dir='ltr'><strong>per</strong></span> <span class='ocrx_word' id='word_1_52' title='bbox 1074 710 1128 745; x_wconf 89' lang='lat' dir='ltr'><strong>se</strong></span> <span class='ocrx_word' id='word_1_53' title='bbox 1151 693 1230 745; x_wconf 89' lang='lat' dir='ltr'><strong>nil</strong></span> <span class='ocrx_word' id='word_1_54' title='bbox 1253 710 1401 761; x_wconf 91' lang='lat' dir='ltr'><strong>posse</strong></span> <span class='ocrx_word' id='word_1_55' title='bbox 1426 692 1662 745; x_wconf 84' lang='lat' dir='ltr'><strong>videtur:</strong></span> 
     </span>
    </p>

    <p class='ocr_par' dir='ltr' id='par_1_9' title="bbox 231 757 1493 831">
     <span class='ocr_line' id='line_1_9' title="bbox 231 757 1493 831; baseline 0.003 -22"><span class='ocrx_word' id='word_1_56' title='bbox 231 757 510 828; x_wconf 82' lang='lat' dir='ltr'><strong>Nimirum,</strong></span> <span class='ocrx_word' id='word_1_57' title='bbox 536 763 660 831; x_wconf 83' lang='lat' dir='ltr'><strong>quia.</strong></span> <span class='ocrx_word' id='word_1_58' title='bbox 682 779 776 830; x_wconf 86' lang='lat' dir='ltr'><strong>per</strong></span> <span class='ocrx_word' id='word_1_59' title='bbox 798 779 956 815; x_wconf 79' lang='lat' dir='ltr'><strong>venas</strong></span> <span class='ocrx_word' id='word_1_60' title='bbox 980 768 1035 814; x_wconf 90' lang='lat' dir='ltr'><strong>et</strong></span> <span class='ocrx_word' id='word_1_61' title='bbox 1060 762 1258 815; x_wconf 74' lang='lat' dir='ltr'><strong>viscera</strong></span> <span class='ocrx_word' id='word_1_62' title='bbox 1280 761 1493 813; x_wconf 81' lang='lat' dir='ltr'><strong>mixtim</strong></span> 
     </span>
    </p>

    <p class='ocr_par' dir='ltr' id='par_1_10' title="bbox 231 824 1640 898">
     <span class='ocr_line' id='line_1_10' title="bbox 231 824 1640 898; baseline 0.004 -20"><span class='ocrx_word' id='word_1_63' title='bbox 231 824 333 880; x_wconf 88' lang='lat' dir='ltr'><strong>Per</strong></span> <span class='ocrx_word' id='word_1_64' title='bbox 356 846 540 883; x_wconf 80' lang='lat' dir='ltr'><strong>nervos</strong></span> <span class='ocrx_word' id='word_1_65' title='bbox 563 837 724 898; x_wconf 80' lang='lat' dir='ltr'><strong>atque</strong></span> <span class='ocrx_word' id='word_1_66' title='bbox 748 848 862 883; x_wconf 79' lang='lat' dir='ltr'><strong>ossa</strong></span> <span class='ocrx_word' id='word_1_67' title='bbox 885 837 1136 884; x_wconf 83' lang='lat' dir='ltr'><strong>tenentur</strong></span> <span class='ocrx_word' id='word_1_68' title='bbox 1159 846 1371 897; x_wconf 85' lang='lat' dir='ltr'><strong>corpore</strong></span> <span class='ocrx_word' id='word_1_69' title='bbox 1394 829 1462 883; x_wconf 80' lang='lat' dir='ltr'><strong>ab</strong></span> <span class='ocrx_word' id='word_1_70' title='bbox 1485 829 1640 883; x_wconf 89' lang='lat' dir='ltr'><strong>omni.</strong></span> 
     </span>
    </p>

    <p class='ocr_par' dir='ltr' id='par_1_11' title="bbox 231 894 1440 968">
     <span class='ocr_line' id='line_1_11' title="bbox 231 894 1440 968; baseline 0.002 -21"><span class='ocrx_word' id='word_1_71' title='bbox 231 894 343 949; x_wconf 84' lang='lat' dir='ltr'><strong>Nec</strong></span> <span class='ocrx_word' id='word_1_72' title='bbox 365 899 572 966; x_wconf 79' lang='lat' dir='ltr'><strong>magnis</strong></span> <span class='ocrx_word' id='word_1_73' title='bbox 595 899 888 952; x_wconf 81' lang='lat' dir='ltr'><strong>intervallis</strong></span> <span class='ocrx_word' id='word_1_74' title='bbox 912 898 1198 968; x_wconf 82' lang='lat' dir='ltr'><strong>primordia.</strong></span> <span class='ocrx_word' id='word_1_75' title='bbox 1225 904 1440 966; x_wconf 79' lang='lat' dir='ltr'><strong>possunt</strong></span> 
     </span>
    </p>

    <p class='ocr_par' dir='ltr' id='par_1_12' title="bbox 231 962 1470 1030">
     <span class='ocr_line' id='line_1_12' title="bbox 231 962 1470 1030; baseline 0.004 -16"><span class='ocrx_word' id='word_1_76' title='bbox 231 962 418 1019; x_wconf 79' lang='lat' dir='ltr'><strong>Libera</strong></span> <span class='ocrx_word' id='word_1_77' title='bbox 441 968 715 1021; x_wconf 72' lang='lat' dir='ltr'><strong>dissultare</strong></span> <span class='ocrx_word' id='word_1_78' title='bbox 736 986 750 1030; x_wconf 91' lang='lat'>;</span> <span class='ocrx_word' id='word_1_79' title='bbox 785 967 901 1020; x_wconf 91' lang='lat' dir='ltr'><strong>ideo</strong></span> <span class='ocrx_word' id='word_1_80' title='bbox 926 967 1171 1021; x_wconf 78' lang='lat' dir='ltr'><strong>conclusa.</strong></span> <span class='ocrx_word' id='word_1_81' title='bbox 1193 974 1470 1020; x_wconf 86' lang='lat' dir='ltr'><strong>moventur</strong></span> 
     </span>
    </p>

    <p class='ocr_par' dir='ltr' id='par_1_13' title="bbox 232 1036 1552 1105">
     <span class='ocr_line' id='line_1_13' title="bbox 232 1036 1552 1105; baseline -0.002 -14"><span class='ocrx_word' id='word_1_82' title='bbox 232 1036 516 1091; x_wconf 75' lang='lat' dir='ltr'><strong>sensiferos</strong></span> <span class='ocrx_word' id='word_1_83' title='bbox 539 1043 741 1098; x_wconf 82' lang='lat' dir='ltr'><strong>motus3</strong></span> <span class='ocrx_word' id='word_1_84' title='bbox 779 1053 906 1103; x_wconf 91' lang='lat' dir='ltr'><strong>quos</strong></span> <span class='ocrx_word' id='word_1_85' title='bbox 930 1043 1084 1090; x_wconf 74' lang='lat' dir='ltr'><strong>extra</strong></span> <span class='ocrx_word' id='word_1_86' title='bbox 1107 1053 1292 1105; x_wconf 82' lang='lat' dir='ltr'><strong>corpus</strong></span> <span class='ocrx_word' id='word_1_87' title='bbox 1316 1036 1374 1088; x_wconf 90' lang='lat' dir='ltr'><strong>in</strong></span> <span class='ocrx_word' id='word_1_88' title='bbox 1396 1053 1552 1089; x_wconf 71' lang='lat' dir='ltr'><strong>auras</strong></span> 
     </span>
    </p>

    <p class='ocr_par' dir='ltr' id='par_1_14' title="bbox 231 1103 1909 1173">
     <span class='ocr_line' id='line_1_14' title="bbox 231 1103 1909 1173; baseline -0.002 -14"><span class='ocrx_word' id='word_1_89' title='bbox 231 1104 385 1159; x_wconf 66' lang='lat' dir='ltr'><strong>Aeris</strong></span> <span class='ocrx_word' id='word_1_90' title='bbox 408 1103 551 1156; x_wconf 78' lang='lat' dir='ltr'><strong>haud</strong></span> <span class='ocrx_word' id='word_1_91' title='bbox 574 1110 794 1172; x_wconf 82' lang='lat' dir='ltr'><strong>possunt</strong></span> <span class='ocrx_word' id='word_1_92' title='bbox 817 1111 934 1172; x_wconf 88' lang='lat' dir='ltr'><strong>post</strong></span> <span class='ocrx_word' id='word_1_93' title='bbox 957 1111 1182 1158; x_wconf 87' lang='lat' dir='ltr'><strong>mortem</strong></span> <span class='ocrx_word' id='word_1_94' title='bbox 1204 1107 1372 1173; x_wconf 78' lang='lat' dir='ltr'><strong>ejecta</strong></span> <span class='ocrx_word' id='word_1_95' title='bbox 1394 1121 1627 1158; x_wconf 87' lang='lat' dir='ltr'><strong>movere:</strong></span> <span class='ocrx_word' id='word_1_96' title='bbox 1801 1105 1909 1158; x_wconf 84' lang='lat'><strong>570</strong></span> 
     </span>
    </p>

    <p class='ocr_par' dir='ltr' id='par_1_15' title="bbox 232 1173 1489 1241">
     <span class='ocr_line' id='line_1_15' title="bbox 232 1173 1489 1241; baseline -0.001 -14"><span class='ocrx_word' id='word_1_97' title='bbox 232 1174 515 1241; x_wconf 75' lang='lat' dir='ltr'><strong>Propterea</strong></span> <span class='ocrx_word' id='word_1_98' title='bbox 539 1173 664 1240; x_wconf 70' lang='lat' dir='ltr'><strong>quia</strong></span> <span class='ocrx_word' id='word_1_99' title='bbox 687 1189 792 1226; x_wconf 91' lang='lat' dir='ltr'><strong>non</strong></span> <span class='ocrx_word' id='word_1_100' title='bbox 818 1174 976 1226; x_wconf 83' lang='lat' dir='ltr'><strong>simili</strong></span> <span class='ocrx_word' id='word_1_101' title='bbox 999 1174 1204 1226; x_wconf 77' lang='lat' dir='ltr'><strong>ratione</strong></span> <span class='ocrx_word' id='word_1_102' title='bbox 1227 1180 1489 1227; x_wconf 87' lang='lat' dir='ltr'><strong>tenentur.</strong></span> 
     </span>
    </p>

    <p class='ocr_par' dir='ltr' id='par_1_16' title="bbox 233 1241 1646 1312">
     <span class='ocr_line' id='line_1_16' title="bbox 233 1241 1646 1312; baseline -0.001 -16"><span class='ocrx_word' id='word_1_103' title='bbox 233 1244 430 1312; x_wconf 84' lang='lat' dir='ltr'><strong>Corpus</strong></span> <span class='ocrx_word' id='word_1_104' title='bbox 453 1241 594 1293; x_wconf 89' lang='lat' dir='ltr'><strong>enim</strong></span> <span class='ocrx_word' id='word_1_105' title='bbox 617 1248 778 1311; x_wconf 80' lang='lat' dir='ltr'><strong>atque</strong></span> <span class='ocrx_word' id='word_1_106' title='bbox 802 1243 1035 1296; x_wconf 79' lang='lat' dir='ltr'><strong>animam</strong></span> <span class='ocrx_word' id='word_1_107' title='bbox 1059 1242 1185 1295; x_wconf 82' lang='lat' dir='ltr'><strong>serit</strong></span> <span class='ocrx_word' id='word_1_108' title='bbox 1208 1244 1315 1308; x_wconf 65' lang='lat' dir='ltr'><strong>aer,</strong></span> <span class='ocrx_word' id='word_1_109' title='bbox 1340 1242 1384 1294; x_wconf 87' lang='lat' dir='ltr'><strong>si</strong></span> <span class='ocrx_word' id='word_1_110' title='bbox 1408 1241 1646 1294; x_wconf 85' lang='lat' dir='ltr'><strong>cohibere</strong></span> 
     </span>
    </p>

    <p class='ocr_par' dir='ltr' id='par_1_17' title="bbox 231 1309 1701 1380">
     <span class='ocr_line' id='line_1_17' title="bbox 231 1309 1701 1380; baseline -0.001 -15"><span class='ocrx_word' id='word_1_111' title='bbox 231 1312 353 1365; x_wconf 87' lang='lat' dir='ltr'><strong>Sese</strong></span> <span class='ocrx_word' id='word_1_112' title='bbox 375 1309 567 1376; x_wconf 75' lang='lat' dir='ltr'><strong>anima,</strong></span> <span class='ocrx_word' id='word_1_113' title='bbox 591 1317 751 1380; x_wconf 72' lang='lat' dir='ltr'><strong>atque</strong></span> <span class='ocrx_word' id='word_1_114' title='bbox 774 1311 833 1362; x_wconf 89' lang='lat' dir='ltr'><strong>in</strong></span> <span class='ocrx_word' id='word_1_115' title='bbox 856 1329 942 1364; x_wconf 86' lang='lat' dir='ltr'><strong>eos</strong></span> <span class='ocrx_word' id='word_1_116' title='bbox 965 1312 1159 1378; x_wconf 86' lang='lat' dir='ltr'><strong>poterit</strong></span> <span class='ocrx_word' id='word_1_117' title='bbox 1183 1311 1491 1364; x_wconf 78' lang='lat' dir='ltr'><strong>concludere</strong></span> <span class='ocrx_word' id='word_1_118' title='bbox 1512 1316 1701 1377; x_wconf 87' lang='lat' dir='ltr'><strong>motus,</strong></span> 
     </span>
    </p>

    <p class='ocr_par' dir='ltr' id='par_1_18' title="bbox 235 1379 1558 1448">
     <span class='ocr_line' id='line_1_18' title="bbox 235 1379 1558 1448; baseline -0.001 -15"><span class='ocrx_word' id='word_1_119' title='bbox 235 1381 377 1445; x_wconf 84' lang='lat' dir='ltr'><strong>Quos</strong></span> <span class='ocrx_word' id='word_1_120' title='bbox 399 1384 524 1432; x_wconf 77' lang='lat' dir='ltr'><strong>ante</strong></span> <span class='ocrx_word' id='word_1_121' title='bbox 547 1380 606 1430; x_wconf 89' lang='lat' dir='ltr'><strong>in</strong></span> <span class='ocrx_word' id='word_1_122' title='bbox 628 1381 802 1434; x_wconf 76' lang='lat' dir='ltr'><strong>nervis</strong></span> <span class='ocrx_word' id='word_1_123' title='bbox 825 1387 880 1433; x_wconf 94' lang='lat' dir='ltr'><strong>et</strong></span> <span class='ocrx_word' id='word_1_124' title='bbox 903 1381 959 1432; x_wconf 89' lang='lat' dir='ltr'><strong>in</strong></span> <span class='ocrx_word' id='word_1_125' title='bbox 983 1380 1097 1448; x_wconf 87' lang='lat' dir='ltr'><strong>ipso</strong></span> <span class='ocrx_word' id='word_1_126' title='bbox 1120 1396 1331 1447; x_wconf 86' lang='lat' dir='ltr'><strong>corpore</strong></span> <span class='ocrx_word' id='word_1_127' title='bbox 1354 1379 1558 1447; x_wconf 69' lang='lat' dir='ltr'><strong>agebat.</strong></span> 
     </span>
    </p>

    <p class='ocr_par' dir='ltr' id='par_1_19' title="bbox 232 1447 1640 1519">
     <span class='ocr_line' id='line_1_19' title="bbox 232 1447 1640 1519; baseline -0.001 -16"><span class='ocrx_word' id='word_1_128' title='bbox 232 1450 406 1515; x_wconf 77' lang='lat' dir='ltr'><strong>Quare</strong></span> <span class='ocrx_word' id='word_1_129' title='bbox 429 1447 590 1503; x_wconf 79' lang='lat' dir='ltr'><strong>etiam</strong></span> <span class='ocrx_word' id='word_1_130' title='bbox 612 1455 773 1519; x_wconf 71' lang='lat' dir='ltr'><strong>atque</strong></span> <span class='ocrx_word' id='word_1_131' title='bbox 796 1449 972 1517; x_wconf 76' lang='lat' dir='ltr'><strong>etiam,</strong></span> <span class='ocrx_word' id='word_1_132' title='bbox 995 1449 1224 1502; x_wconf 86' lang='lat' dir='ltr'><strong>resoluto</strong></span> <span class='ocrx_word' id='word_1_133' title='bbox 1248 1448 1474 1518; x_wconf 81' lang='lat' dir='ltr'><strong>corporis</strong></span> <span class='ocrx_word' id='word_1_134' title='bbox 1497 1447 1640 1502; x_wconf 87' lang='lat' dir='ltr'><strong>omni</strong></span> 
     </span>
    </p>

    <p class='ocr_par' dir='ltr' id='par_1_20' title="bbox 232 1518 1406 1589">
     <span class='ocr_line' id='line_1_20' title="bbox 232 1518 1406 1589; baseline -0.003 -16"><span class='ocrx_word' id='word_1_135' title='bbox 232 1518 497 1588; x_wconf 76' lang='lat' dir='ltr'><strong>Tegmine,</strong></span> <span class='ocrx_word' id='word_1_136' title='bbox 520 1525 576 1572; x_wconf 89' lang='lat' dir='ltr'><strong>et</strong></span> <span class='ocrx_word' id='word_1_137' title='bbox 599 1519 777 1589; x_wconf 88' lang='lat' dir='ltr'><strong>ejectis</strong></span> <span class='ocrx_word' id='word_1_138' title='bbox 800 1524 953 1574; x_wconf 71' lang='lat' dir='ltr'><strong>extra</strong></span> <span class='ocrx_word' id='word_1_139' title='bbox 975 1518 1226 1572; x_wconf 72' lang='lat' dir='ltr'><strong>vitalibus</strong></span> <span class='ocrx_word' id='word_1_140' title='bbox 1248 1518 1406 1583; x_wconf 75' lang='lat' dir='ltr'><strong>auris,</strong></span> 
     </span>
    </p>

    <p class='ocr_par' dir='ltr' id='par_1_21' title="bbox 231 1588 1421 1653">
     <span class='ocr_line' id='line_1_21' title="bbox 231 1588 1421 1653; baseline -0.002 -12"><span class='ocrx_word' id='word_1_141' title='bbox 231 1588 460 1641; x_wconf 79' lang='lat' dir='ltr'><strong>Dissolvi</strong></span> <span class='ocrx_word' id='word_1_142' title='bbox 482 1605 662 1642; x_wconf 88' lang='lat' dir='ltr'><strong>sensus</strong></span> <span class='ocrx_word' id='word_1_143' title='bbox 686 1588 851 1641; x_wconf 73' lang='lat' dir='ltr'><strong>animi</strong></span> <span class='ocrx_word' id='word_1_144' title='bbox 874 1588 1073 1642; x_wconf 70' lang='lat' dir='ltr'><strong>fateare</strong></span> <span class='ocrx_word' id='word_1_145' title='bbox 1096 1604 1303 1640; x_wconf 85' lang='lat' dir='ltr'><strong>necesse</strong></span> <span class='ocrx_word' id='word_1_146' title='bbox 1326 1592 1421 1653; x_wconf 88' lang='lat' dir='ltr'><strong>est,</strong></span> 
     </span>
    </p>

    <p class='ocr_par' dir='ltr' id='par_1_22' title="bbox 231 1653 1777 1725">
     <span class='ocr_line' id='line_1_22' title="bbox 231 1653 1777 1725; baseline -0.001 -15"><span class='ocrx_word' id='word_1_147' title='bbox 231 1657 277 1710; x_wconf 88' lang='lat' dir='ltr'>A</span> <span class='ocrx_word' id='word_1_148' title='bbox 340 1674 408 1710; x_wconf 90' lang='lat' dir='ltr'><strong>ue</strong></span> <span class='ocrx_word' id='word_1_149' title='bbox 430 1657 676 1724; x_wconf 72' lang='lat' dir='ltr'><strong>animam,</strong></span> <span class='ocrx_word' id='word_1_150' title='bbox 701 1657 949 1725; x_wconf 76' lang='lat' dir='ltr'><strong>quonism</strong></span> <span class='ocrx_word' id='word_1_151' title='bbox 975 1658 1257 1724; x_wconf 77' lang='lat' dir='ltr'><strong>conjuncta</strong></span> <span class='ocrx_word' id='word_1_152' title='bbox 1280 1661 1360 1709; x_wconf 84' lang='lat' dir='ltr'><strong>est</strong></span> <span class='ocrx_word' id='word_1_153' title='bbox 1384 1672 1542 1709; x_wconf 66' lang='lat' dir='ltr'><strong>eausa.</strong></span> <span class='ocrx_word' id='word_1_154' title='bbox 1565 1653 1777 1709; x_wconf 81' lang='lat' dir='ltr'><strong>duobus.</strong></span> 
     </span>
    </p>

    <p class='ocr_par' dir='ltr' id='par_1_23' title="bbox 354 1724 1665 1795">
     <span class='ocr_line' id='line_1_23' title="bbox 354 1724 1665 1795; baseline -0.002 -16"><span class='ocrx_word' id='word_1_155' title='bbox 354 1725 541 1794; x_wconf 90' lang='lat' dir='ltr'><strong>enique</strong></span> <span class='ocrx_word' id='word_1_156' title='bbox 565 1743 730 1794; x_wconf 90' lang='lat' dir='ltr'><strong>quum</strong></span> <span class='ocrx_word' id='word_1_157' title='bbox 753 1743 938 1795; x_wconf 88' lang='lat' dir='ltr'><strong>corpus</strong></span> <span class='ocrx_word' id='word_1_158' title='bbox 962 1731 1192 1795; x_wconf 78' lang='lat' dir='ltr'><strong>nequeat</strong></span> <span class='ocrx_word' id='word_1_159' title='bbox 1213 1724 1442 1793; x_wconf 82' lang='lat' dir='ltr'><strong>perferre</strong></span> <span class='ocrx_word' id='word_1_160' title='bbox 1464 1725 1665 1779; x_wconf 67' lang='lat' dir='ltr'><strong>animai</strong></span> 
     </span>
    </p>

    <p class='ocr_par' dir='ltr' id='par_1_24' title="bbox 231 1794 1908 1862">
     <span class='ocr_line' id='line_1_24' title="bbox 231 1794 1908 1862; baseline -0.001 -14"><span class='ocrx_word' id='word_1_161' title='bbox 231 1794 541 1859; x_wconf 79' lang='lat' dir='ltr'><strong>Discidium,</strong></span> <span class='ocrx_word' id='word_1_162' title='bbox 567 1795 695 1862; x_wconf 90' lang='lat' dir='ltr'><strong>quin</strong></span> <span class='ocrx_word' id='word_1_163' title='bbox 717 1794 775 1846; x_wconf 92' lang='lat' dir='ltr'><strong>in</strong></span> <span class='ocrx_word' id='word_1_164' title='bbox 799 1799 936 1847; x_wconf 86' lang='lat' dir='ltr'><strong>tetro</strong></span> <span class='ocrx_word' id='word_1_165' title='bbox 959 1794 1195 1847; x_wconf 74' lang='lat' dir='ltr'><strong>tabescat</strong></span> <span class='ocrx_word' id='word_1_166' title='bbox 1219 1794 1403 1857; x_wconf 82' lang='lat' dir='ltr'><strong>odore3</strong></span> <span class='ocrx_word' id='word_1_167' title='bbox 1802 1795 1908 1846; x_wconf 83' lang='lat'><strong>580</strong></span> 
     </span>
    </p>

    <p class='ocr_par' dir='ltr' id='par_1_25' title="bbox 233 1861 1566 1931">
     <span class='ocr_line' id='line_1_25' title="bbox 233 1861 1566 1931; baseline -0.001 -15"><span class='ocrx_word' id='word_1_168' title='bbox 233 1863 371 1929; x_wconf 82' lang='lat' dir='ltr'><strong>Quid</strong></span> <span class='ocrx_word' id='word_1_169' title='bbox 397 1861 621 1926; x_wconf 84' lang='lat' dir='ltr'><strong>dubitas,</strong></span> <span class='ocrx_word' id='word_1_170' title='bbox 681 1862 792 1928; x_wconf 89' lang='lat' dir='ltr'><strong>uin,</strong></span> <span class='ocrx_word' id='word_1_171' title='bbox 815 1879 882 1916; x_wconf 80' lang='lat' dir='ltr'><strong>ex</strong></span> <span class='ocrx_word' id='word_1_172' title='bbox 907 1863 1012 1915; x_wconf 89' lang='lat' dir='ltr'><strong>imo</strong></span> <span class='ocrx_word' id='word_1_173' title='bbox 1036 1863 1351 1931; x_wconf 83' lang='lat' dir='ltr'><strong>penitusque</strong></span> <span class='ocrx_word' id='word_1_174' title='bbox 1377 1867 1566 1930; x_wconf 67' lang='lat' dir='ltr'><strong>coortu,</strong></span> 
     </span>
    </p>

    <p class='ocr_par' dir='ltr' id='par_1_26' title="bbox 230 1930 1421 1997">
     <span class='ocr_line' id='line_1_26' title="bbox 230 1930 1421 1997; baseline 0.001 -13"><span class='ocrx_word' id='word_1_175' title='bbox 230 1930 522 1997; x_wconf 79' lang='lat' dir='ltr'><strong>Emanarit,</strong></span> <span class='ocrx_word' id='word_1_176' title='bbox 546 1931 628 1982; x_wconf 87' lang='lat' dir='ltr'><strong>uti</strong></span> <span class='ocrx_word' id='word_1_177' title='bbox 768 1948 845 1997; x_wconf 77' lang='lat' dir='ltr'><strong>uS,</strong></span> <span class='ocrx_word' id='word_1_178' title='bbox 869 1931 1061 1985; x_wconf 82' lang='lat' dir='ltr'><strong>diffusa</strong></span> <span class='ocrx_word' id='word_1_179' title='bbox 1084 1932 1275 1986; x_wconf 75' lang='lat' dir='ltr'><strong>animae</strong></span> <span class='ocrx_word' id='word_1_180' title='bbox 1301 1931 1381 1985; x_wconf 84' lang='lat' dir='ltr'><strong>vis</strong></span> <span class='ocrx_word' id='word_1_181' title='bbox 1401 1931 1421 1985; x_wconf 80' lang='lat' dir='ltr'><strong>‘l</strong></span> 
     </span>
    </p>

    <p class='ocr_par' dir='ltr' id='par_1_27' title="bbox 231 1999 1377 2069">
     <span class='ocr_line' id='line_1_27' title="bbox 231 1999 1377 2069; baseline 0 -16"><span class='ocrx_word' id='word_1_182' title='bbox 231 2000 407 2069; x_wconf 84' lang='lat' dir='ltr'><strong>Atque</strong></span> <span class='ocrx_word' id='word_1_183' title='bbox 431 1999 548 2052; x_wconf 88' lang='lat' dir='ltr'><strong>ideo</strong></span> <span class='ocrx_word' id='word_1_184' title='bbox 574 2005 725 2052; x_wconf 76' lang='lat' dir='ltr'><strong>tanta</strong></span> <span class='ocrx_word' id='word_1_185' title='bbox 745 2005 1014 2053; x_wconf 79' lang='lat' dir='ltr'><strong>mutatum</strong></span> <span class='ocrx_word' id='word_1_186' title='bbox 1037 2006 1196 2069; x_wconf 87' lang='lat' dir='ltr'><strong>putre</strong></span> <span class='ocrx_word' id='word_1_187' title='bbox 1217 2000 1377 2053; x_wconf 75' lang='lat' dir='ltr'><strong>ruins.</strong></span> 
     </span>
    </p>

    <p class='ocr_par' dir='ltr' id='par_1_28' title="bbox 232 2067 1589 2138">
     <span class='ocr_line' id='line_1_28' title="bbox 232 2067 1589 2138; baseline 0.001 -16"><span class='ocrx_word' id='word_1_188' title='bbox 232 2067 529 2122; x_wconf 77' lang='lat' dir='ltr'><strong>conciderit</strong></span> <span class='ocrx_word' id='word_1_189' title='bbox 552 2084 737 2136; x_wconf 89' lang='lat' dir='ltr'><strong>corpus</strong></span> <span class='ocrx_word' id='word_1_190' title='bbox 760 2069 987 2136; x_wconf 87' lang='lat' dir='ltr'><strong>penitus,</strong></span> <span class='ocrx_word' id='word_1_191' title='bbox 1011 2070 1139 2138; x_wconf 76' lang='lat' dir='ltr'><strong>quia</strong></span> <span class='ocrx_word' id='word_1_192' title='bbox 1160 2075 1306 2122; x_wconf 78' lang='lat' dir='ltr'><strong>mota</strong></span> <span class='ocrx_word' id='word_1_193' title='bbox 1328 2069 1441 2123; x_wconf 91' lang='lat' dir='ltr'><strong>loco</strong></span> <span class='ocrx_word' id='word_1_194' title='bbox 1465 2074 1589 2126; x_wconf 78' lang='lat' dir='ltr'><strong>sunt</strong></span> 
     </span>
    </p>

    <p class='ocr_par' dir='ltr' id='par_1_29' title="bbox 231 2137 1641 2206">
     <span class='ocr_line' id='line_1_29' title="bbox 231 2137 1641 2206; baseline 0.001 -17"><span class='ocrx_word' id='word_1_195' title='bbox 231 2137 613 2203; x_wconf 73' lang='lat' dir='ltr'><strong>Fundamenta,</strong></span> <span class='ocrx_word' id='word_1_196' title='bbox 637 2137 776 2190; x_wconf 78' lang='lat' dir='ltr'><strong>foras</strong></span> <span class='ocrx_word' id='word_1_197' title='bbox 799 2144 1020 2194; x_wconf 74' lang='lat' dir='ltr'><strong>manant</strong></span> <span class='ocrx_word' id='word_1_198' title='bbox 1043 2138 1339 2205; x_wconf 74' lang='lat' dir='ltr'><strong>animaeque</strong></span> <span class='ocrx_word' id='word_1_199' title='bbox 1363 2155 1457 2206; x_wconf 87' lang='lat' dir='ltr'><strong>per</strong></span> <span class='ocrx_word' id='word_1_200' title='bbox 1479 2146 1641 2202; x_wconf 67' lang='lat' dir='ltr'><strong>utus,</strong></span> 
     </span>
    </p>

    <p class='ocr_par' dir='ltr' id='par_1_30' title="bbox 230 2206 1667 2275">
     <span class='ocr_line' id='line_1_30' title="bbox 230 2206 1667 2275; baseline -0.002 -15"><span class='ocrx_word' id='word_1_201' title='bbox 230 2206 434 2275; x_wconf 88' lang='lat' dir='ltr'><strong>Perque</strong></span> <span class='ocrx_word' id='word_1_202' title='bbox 458 2206 663 2258; x_wconf 70' lang='lat' dir='ltr'><strong>viarum</strong></span> <span class='ocrx_word' id='word_1_203' title='bbox 686 2221 864 2259; x_wconf 86' lang='lat' dir='ltr'><strong>omnes</strong></span> <span class='ocrx_word' id='word_1_204' title='bbox 888 2206 1071 2273; x_wconf 84' lang='lat' dir='ltr'><strong>flexus,</strong></span> <span class='ocrx_word' id='word_1_205' title='bbox 1096 2206 1153 2259; x_wconf 89' lang='lat' dir='ltr'><strong>in</strong></span> <span class='ocrx_word' id='word_1_206' title='bbox 1176 2222 1387 2275; x_wconf 80' lang='lat' dir='ltr'><strong>corpore</strong></span> <span class='ocrx_word' id='word_1_207' title='bbox 1412 2207 1503 2273; x_wconf 87' lang='lat' dir='ltr'><strong>qui</strong></span> <span class='ocrx_word' id='word_1_208' title='bbox 1527 2213 1667 2271; x_wconf 86' lang='lat' dir='ltr'><strong>sunt,</strong></span> 
     </span>
    </p>

    <p class='ocr_par' dir='ltr' id='par_1_31' title="bbox 231 2275 1594 2344">
     <span class='ocr_line' id='line_1_31' title="bbox 231 2275 1594 2344; baseline 0 -16"><span class='ocrx_word' id='word_1_209' title='bbox 231 2276 407 2344; x_wconf 86' lang='lat' dir='ltr'><strong>Atque</strong></span> <span class='ocrx_word' id='word_1_210' title='bbox 429 2275 727 2328; x_wconf 67' lang='lat' dir='ltr'><strong>foramina?</strong></span> <span class='ocrx_word' id='word_1_211' title='bbox 762 2275 1090 2329; x_wconf 87' lang='lat' dir='ltr'><strong>multimodis</strong></span> <span class='ocrx_word' id='word_1_212' title='bbox 1114 2282 1174 2328; x_wconf 89' lang='lat' dir='ltr'><strong>ut</strong></span> <span class='ocrx_word' id='word_1_213' title='bbox 1197 2292 1407 2329; x_wconf 82' lang='lat' dir='ltr'><strong>noscere</strong></span> <span class='ocrx_word' id='word_1_214' title='bbox 1431 2276 1594 2343; x_wconf 87' lang='lat' dir='ltr'><strong>possis</strong></span> 
     </span>
    </p>

    <p class='ocr_par' dir='ltr' id='par_1_32' title="bbox 230 2344 1566 2413">
     <span class='ocr_line' id='line_1_32' title="bbox 230 2344 1566 2413; baseline -0.001 -16"><span class='ocrx_word' id='word_1_215' title='bbox 230 2344 574 2413; x_wconf 77' lang='lat' dir='ltr'><strong>Dispertitam</strong></span> <span class='ocrx_word' id='word_1_216' title='bbox 597 2344 786 2396; x_wconf 78' lang='lat' dir='ltr'><strong>animae</strong></span> <span class='ocrx_word' id='word_1_217' title='bbox 811 2351 1057 2398; x_wconf 75' lang='lat' dir='ltr'><strong>naturam</strong></span> <span class='ocrx_word' id='word_1_218' title='bbox 1080 2344 1249 2397; x_wconf 81' lang='lat' dir='ltr'><strong>exisse</strong></span> <span class='ocrx_word' id='word_1_219' title='bbox 1271 2361 1367 2412; x_wconf 86' lang='lat' dir='ltr'><strong>per</strong></span> <span class='ocrx_word' id='word_1_220' title='bbox 1389 2349 1566 2407; x_wconf 75' lang='lat' dir='ltr'><strong>artus3</strong></span> 
     </span>
    </p>

    <p class='ocr_par' dir='ltr' id='par_1_33' title="bbox 228 2412 1525 2481">
     <span class='ocr_line' id='line_1_33' title="bbox 228 2412 1525 2481; baseline -0.002 -16"><span class='ocrx_word' id='word_1_221' title='bbox 228 2412 300 2465; x_wconf 88' lang='lat' dir='ltr'><strong>Et</strong></span> <span class='ocrx_word' id='word_1_222' title='bbox 323 2413 470 2481; x_wconf 86' lang='lat' dir='ltr'><strong>prius</strong></span> <span class='ocrx_word' id='word_1_223' title='bbox 493 2429 602 2465; x_wconf 88' lang='lat' dir='ltr'><strong>esse</strong></span> <span class='ocrx_word' id='word_1_224' title='bbox 626 2412 725 2464; x_wconf 87' lang='lat' dir='ltr'><strong>sibi</strong></span> <span class='ocrx_word' id='word_1_225' title='bbox 748 2413 1055 2465; x_wconf 73' lang='lat' dir='ltr'><strong>distractam</strong></span> <span class='ocrx_word' id='word_1_226' title='bbox 1080 2429 1290 2479; x_wconf 85' lang='lat' dir='ltr'><strong>corpore</strong></span> <span class='ocrx_word' id='word_1_227' title='bbox 1314 2412 1371 2464; x_wconf 91' lang='lat' dir='ltr'><strong>in</strong></span> <span class='ocrx_word' id='word_1_228' title='bbox 1395 2413 1525 2479; x_wconf 86' lang='lat' dir='ltr'><strong>ipso,</strong></span> 
     </span>
    </p>

    <p class='ocr_par' dir='ltr' id='par_1_34' title="bbox 230 2480 1909 2613">
     <span class='ocr_line' id='line_1_34' title="bbox 230 2480 1909 2550; baseline -0.001 -18"><span class='ocrx_word' id='word_1_229' title='bbox 230 2480 406 2541; x_wconf 73' lang='lat' dir='ltr'><strong>Quam</strong></span> <span class='ocrx_word' id='word_1_230' title='bbox 429 2480 671 2550; x_wconf 73' lang='lat' dir='ltr'><strong>prolapsa</strong></span> <span class='ocrx_word' id='word_1_231' title='bbox 692 2480 830 2533; x_wconf 73' lang='lat' dir='ltr'><strong>foras</strong></span> <span class='ocrx_word' id='word_1_232' title='bbox 854 2486 1036 2534; x_wconf 78' lang='lat' dir='ltr'><strong>enaret</strong></span> <span class='ocrx_word' id='word_1_233' title='bbox 1059 2480 1117 2532; x_wconf 90' lang='lat' dir='ltr'><strong>in</strong></span> <span class='ocrx_word' id='word_1_234' title='bbox 1141 2480 1277 2532; x_wconf 72' lang='lat' dir='ltr'><strong>seris</strong></span> <span class='ocrx_word' id='word_1_235' title='bbox 1300 2480 1490 2533; x_wconf 72' lang='lat' dir='ltr'><strong>suras?</strong></span> <span class='ocrx_word' id='word_1_236' title='bbox 1805 2483 1909 2532; x_wconf 79' lang='lat'><strong>590</strong></span> 
     </span>
     <span class='ocr_line' id='line_1_35' title="bbox 300 2546 1521 2613; baseline 0 -14"><span class='ocrx_word' id='word_1_237' title='bbox 300 2548 441 2609; x_wconf 84' lang='lat' dir='ltr'><strong>Quin</strong></span> <span class='ocrx_word' id='word_1_238' title='bbox 465 2549 641 2613; x_wconf 80' lang='lat' dir='ltr'><strong>etiam,</strong></span> <span class='ocrx_word' id='word_1_239' title='bbox 666 2548 786 2598; x_wconf 85' lang='lat' dir='ltr'><strong>finis</strong></span> <span class='ocrx_word' id='word_1_240' title='bbox 810 2546 937 2598; x_wconf 89' lang='lat' dir='ltr'><strong>dum</strong></span> <span class='ocrx_word' id='word_1_241' title='bbox 963 2548 1089 2599; x_wconf 79' lang='lat' dir='ltr'><strong>vitae</strong></span> <span class='ocrx_word' id='word_1_242' title='bbox 1113 2548 1341 2599; x_wconf 84' lang='lat' dir='ltr'><strong>vertitur</strong></span> <span class='ocrx_word' id='word_1_243' title='bbox 1364 2548 1521 2612; x_wconf 72' lang='lat' dir='ltr'><strong>intra,</strong></span> 
     </span>
    </p>

    <p class='ocr_par' dir='ltr' id='par_1_35' title="bbox 229 2613 1536 2684">
     <span class='ocr_line' id='line_1_36' title="bbox 229 2613 1536 2684; baseline 0 -17"><span class='ocrx_word' id='word_1_244' title='bbox 229 2614 377 2682; x_wconf 80' lang='lat' dir='ltr'><strong>Saepe</strong></span> <span class='ocrx_word' id='word_1_245' title='bbox 400 2616 580 2684; x_wconf 74' lang='lat' dir='ltr'><strong>aliqua.</strong></span> <span class='ocrx_word' id='word_1_246' title='bbox 604 2623 780 2667; x_wconf 77' lang='lat' dir='ltr'><strong>tamen</strong></span> <span class='ocrx_word' id='word_1_247' title='bbox 805 2631 834 2664; x_wconf 91' lang='lat' dir='ltr'><strong>e</strong></span> <span class='ocrx_word' id='word_1_248' title='bbox 858 2630 1018 2666; x_wconf 75' lang='lat' dir='ltr'><strong>causa</strong></span> <span class='ocrx_word' id='word_1_249' title='bbox 1039 2613 1301 2666; x_wconf 79' lang='lat' dir='ltr'><strong>labefacta</strong></span> <span class='ocrx_word' id='word_1_250' title='bbox 1324 2614 1536 2667; x_wconf 82' lang='lat' dir='ltr'><strong>videtur</strong></span> 
     </span>
    </p>

    <p class='ocr_par' dir='ltr' id='par_1_36' title="bbox 229 2680 1505 2749">
     <span class='ocr_line' id='line_1_37' title="bbox 229 2680 1505 2749; baseline -0.002 -14"><span class='ocrx_word' id='word_1_251' title='bbox 229 2682 314 2735; x_wconf 87' lang='lat' dir='ltr'><strong>Ire</strong></span> <span class='ocrx_word' id='word_1_252' title='bbox 337 2684 528 2749; x_wconf 76' lang='lat' dir='ltr'><strong>anima,</strong></span> <span class='ocrx_word' id='word_1_253' title='bbox 553 2689 606 2735; x_wconf 89' lang='lat' dir='ltr'><strong>et</strong></span> <span class='ocrx_word' id='word_1_254' title='bbox 631 2688 741 2734; x_wconf 91' lang='lat' dir='ltr'><strong>toto</strong></span> <span class='ocrx_word' id='word_1_255' title='bbox 766 2680 897 2733; x_wconf 86' lang='lat' dir='ltr'><strong>solvi</strong></span> <span class='ocrx_word' id='word_1_256' title='bbox 920 2681 985 2734; x_wconf 88' lang='lat' dir='ltr'><strong>de</strong></span> <span class='ocrx_word' id='word_1_257' title='bbox 1009 2698 1220 2749; x_wconf 84' lang='lat' dir='ltr'><strong>corpore</strong></span> <span class='ocrx_word' id='word_1_258' title='bbox 1243 2682 1505 2745; x_wconf 79' lang='lat' dir='ltr'><strong>membra;</strong></span> 
     </span>
    </p>
   </div>
  </div>
 </body>
</html>
