2084 3000
237 198 343 260 192
863 193 920 246 T.
956 190 1292 246 LUORETII

302 294 384 347 'ru
405 292 556 362 mihi,
579 308 834 375 supremae
856 291 1166 361 praeseripta
1189 291 1257 344 ad
1281 291 1509 345 candida
1531 292 1681 346 callis

236 363 495 431 Currenti,
520 368 752 431 spatium
774 368 1135 430 praemonstra,
1158 361 1352 413 callida
1375 361 1546 427 Musa,

236 432 482 500 Calliope,
505 430 710 498 requies
732 429 1021 495 hominum,
1046 429 1333 497 divumque
1356 430 1599 498 voluptas
1619 448 1635 494 ς

236 500 309 554 're
333 500 464 553 duce
486 505 552 552 ut
572 498 834 566 insignem
856 498 1062 566 capiam
1086 515 1207 550 cum
1229 497 1386 550 laude
1408 515 1666 552 coronam.

907 617 990 671 De
1013 617 1228 671 tonitru.

307 704 587 775 Principio,
611 704 815 758 tonitru
838 703 1153 772 quatiuntur
1176 703 1370 756 caerula
1394 703 1527 772 coeli,

237 775 520 845 Propterea
543 775 668 843 quia
691 779 1022 838 concurrunt,
1049 772 1271 825 sublime
1295 773 1546 839 volantes,

237 844 491 897 AEtheriae
514 844 692 910 nubes,
717 849 898 895 contra
957 840 1271 907 ugnantibu’
1297 842 1482 895 ventis.

237 914 290 966 N
291 931 350 966 ec
370 914 436 966 fit
458 913 598 966 enim
621 912 821 965 sonitus
845 928 921 962 coe
945 911 956 922 '
985 911 1051 962 de
1075 916 1224 977 parte
1248 927 1460 974 serena;

240 983 455 1049 Verum,
479 982 796 1048 ubicumque
819 979 987 1046 magis
1012 978 1172 1029 denso
1196 985 1321 1029 sunt
1344 979 1553 1045 agmine
1576 980 1757 1049 nubes,
1811 986 1920 1035 100

239 1051 370 1103 'l'am
391 1050 560 1117 magis
581 1049 707 1100 hinc
729 1065 920 1114 magno
944 1047 1186 1099 fremitus
1209 1046 1273 1099 fit
1295 1065 1561 1100 murmure
1585 1067 1738 1119 saepe.

310 1119 581 1184 Praeterea,
604 1132 774 1183 neque
798 1122 910 1168 tam
934 1115 1193 1168 condenso
1216 1133 1426 1184 corpore
1448 1117 1614 1169 nubes
1647 1153 1656 1163 ,
1751 1149 1758 1156 -

239 1188 365 1240 Esse
387 1191 604 1255 queunt,
630 1200 788 1252 quam
812 1189 937 1236 sunt
960 1184 1160 1305 lagides
1184 1201 1245 1236 ac
1270 1185 1420 1251 tigna
1432 1203 1448 1248 ;
1481 1203 1651 1254 neque
1674 1194 1858 1240 autem

240 1256 370 1309 'Pam
394 1263 593 1322 tenues,
619 1271 778 1321 quam
803 1260 926 1304 sunt
950 1271 1036 1314 ne„
1057 1252 1154 1304 ulae
1176 1253 1416 1319 fumique
1442 1254 1689 1309 volantes.

240 1325 380 1378 Nam
403 1324 587 1378 cadere
609 1328 705 1376 aut
727 1322 882 1374 bruto
906 1321 1154 1373 deberent
1178 1322 1403 1389 pondere
1426 1339 1627 1391 pressae,

241 1394 317 1446 Ut
340 1389 569 1462 lapidem
605 1398 713 1458 aut,
738 1397 800 1443 ut
821 1391 1013 1456 fumus,
1037 1397 1273 1441 constare
1295 1392 1590 1460 nequirent,

242 1463 352 1516 Nec
377 1461 782 1515 cohiberenives
806 1458 1006 1527 gelidas
1030 1463 1084 1510 et
1107 1458 1377 1525 grandinis
1401 1458 1605 1514 imbres.

312 1533 458 1585 Dant
481 1531 641 1583 etiam
665 1530 894 1582 sonitum
918 1528 1090 1596 patuli
1114 1545 1270 1595 super
1294 1545 1502 1596 aequora
1523 1531 1725 1598 mundi,

245 1600 499 1653 Carbasus
523 1604 585 1651 ut
609 1598 888 1666 quondam,
910 1597 1117 1663 magnis
1140 1597 1349 1648 intenta
1373 1598 1614 1667 theatris,

243 1670 351 1721 Dat
373 1670 646 1737 crepitum,
670 1667 834 1719 malos
857 1665 997 1717 inter
1012 1668 1218 1733 jactata
1241 1665 1543 1734 trabesque:
1813 1671 1919 1719 110

246 1738 524 1790 Interdum
547 1737 797 1804 perscissa
818 1735 952 1786 furit
974 1733 1337 1802 petulantibus
1361 1735 1517 1803 auris,

243 1805 315 1858 Et
340 1806 549 1873 fragiles
574 1805 772 1856 sonitus
796 1803 1097 1855 chartarum
1119 1803 1548 1868 commeditatur5

245 1875 309 1926 Id
333 1889 538 1942 quoque
561 1873 702 1923 enim
725 1888 890 1939 genus
913 1872 971 1922 in
995 1871 1197 1923 tonitru
1223 1889 1527 1938 cognoscere
1550 1873 1741 1941 possis:

244 1943 357 1995 Aut
381 1941 471 1993 ubi
495 1956 797 2007 suspensam
820 1945 1019 1990 vestem
1043 1939 1316 1992 chartasve
1340 1940 1575 1993 volantes

247 2008 559 2063 Verberibus
583 2009 731 2059 venti
756 2013 979 2072 versant,
1003 2008 1368 2076 planguntque
1392 2026 1485 2076 per
1506 2027 1672 2061 auras.

314 2079 403 2130 Fit
462 2092 630 2143 uoque
649 2076 790 2127 enim
814 2075 1095 2142 interdum,
1105 2084 1168 2128 ut
1184 2094 1288 2128 non
1304 2083 1414 2128 tam
1432 2095 1733 2131 concurrere
1752 2078 1920 2131 nubes

247 2147 432 2200 Fronti
467 2162 528 2196 us
553 2143 781 2196 adversis
805 2143 1020 2212 possint,
1046 2161 1205 2212 quam
1229 2145 1294 2197 de
1318 2145 1482 2198 latere
1504 2146 1595 2214 ire,

245 2217 463 2270 Diverso
485 2218 634 2265 motu
656 2213 899 2265 radentes
923 2230 1137 2280 corpora
1161 2214 1401 2267 tractim:

246 2286 440 2337 Aridus
463 2281 604 2334 unde
627 2299 778 2334 aures
802 2287 972 2348 terget
997 2298 1152 2333 sonus
1176 2281 1281 2348 ille,
1306 2283 1501 2349 diuque

244 2354 486 2418 Ducitur,
511 2350 753 2402 exierunt
777 2351 940 2402 donec
961 2348 1260 2416 regionibus
1282 2351 1454 2404 arctis.
1817 2355 1915 2404 120

317 2422 433 2473 Hoc
456 2418 617 2470 etiam
640 2425 794 2486 pacto
818 2417 1019 2469 tonitru
1043 2434 1293 2470 concussa
1315 2418 1562 2474 videntur

247 2487 437 2540 Omnia
460 2504 528 2538 sae
713 2485 767 2537 vi
790 2491 1023 2549 tremere,
1049 2490 1104 2537 et
1127 2485 1332 2537 divulsa
1354 2494 1571 2567 repente

245 2555 483 2606 Maxima
505 2503 788 2622 ‹ffisffffisso
812 2554 1014 2620 capacis
1036 2552 1231 2605 moem‘a
1251 2554 1467 2619 mund13

243 2621 423 2738 §uum
447 2620 618 2672 subito
642 2621 806 2673 validi
828 2621 975 2672 venti
997 2619 1217 2672 collecta
1239 2622 1468 2689 procella

300 2687 486 2738 ubibus
506 2682 718 2740 intorsit
741 2704 864 2756 sese,
890 2687 1238 2757 conclusaque
1260 2687 1472 2758 ibidem,
