2084 3000
171 180 276 229 216
794 178 851 231 Τ.
888 177 1222 231 LUORE'PII

169 275 472 329 Utilitatem
494 278 844 344 opportunam
868 275 1157 328 sitientibu’
1182 277 1375 342 nautis,

169 345 321 407 Quod
346 344 522 397 dulces
544 346 684 397 inter
706 344 866 396 salsas
889 344 1196 396 intervomit
1218 345 1403 397 undas.

166 410 254 464 Sic
279 413 446 479 igitur
468 430 563 481 per
585 430 706 465 eum
728 417 947 480 possunt
971 429 1244 481 erumpere
1264 414 1481 478 fontem,

164 479 237 531 Et
261 486 458 533 scatere
482 480 577 533 illa
598 482 736 533 foras
758 480 816 532 in
841 486 1053 548 stupam
1077 482 1305 545 semina;
1341 497 1443 549 quo
1468 497 1632 548 quum

164 548 509 615 Conveniunt,
533 557 625 601 aut
646 549 703 600 in
727 549 885 601 taeda‘i
912 565 1121 617 corpore
1145 549 1428 616 adhaerent,
1736 602 1740 607 ,

162 615 460 670 Ardescunt
482 617 640 670 facile
662 618 954 686 extemp103
991 618 1133 684 quod
1155 618 1327 670 multa
1349 633 1552 686 quoque
1576 617 1634 668 in
1657 634 1711 669 se

163 683 374 738 Semina
396 685 593 738 habent
617 686 754 754 ignis
778 692 946 754 stupae
970 686 1225 753 taedaeque
1248 692 1500 738 tenentes.
1735 688 1840 738 900

231 753 417 805 Nonne
443 754 590 806 vides
614 755 789 821 etiam,
813 760 1072 807 nocturna
1091 754 1164 807 ad
1186 754 1391 806 lumina
1412 754 1584 805 linum

161 821 344 889 Nuper
366 822 459 873 ubi
482 823 804 876 exstinctum
827 823 1118 888 admoveaS,
1141 823 1415 876 accendier
1436 827 1561 873 ante

162 889 338 950 Quam
361 891 542 958 tetigit
564 891 861 955 fiammam3
896 891 1193 958 taedamque
1216 891 1332 959 pari
1354 890 1593 944 ratione?

159 958 439 1025 Multaque
462 965 727 1026 praeterea,
751 959 896 1027 prius
919 960 1032 1027 ipso
1057 964 1202 1011 tacta
1225 975 1416 1027 vapore

158 1025 382 1078 Eminus
405 1027 700 1092 ardescunt,
725 1043 883 1095 quam
906 1028 1143 1079 cominus
1167 1027 1370 1080 imbuat
1393 1027 1543 1093 ignis.

159 1093 276 1147 Hoc
299 1094 466 1162 igitur
487 1094 602 1146 fieri
626 1112 829 1163 quoque
852 1096 910 1147 in
933 1095 1026 1147 illo
1049 1096 1198 1148 fonte
1220 1096 1520 1164 putandum
1542 1099 1636 1147 est.

801 1212 883 1265 De
904 1222 1147 1283 maynete.

228 1294 384 1357 Quod
406 1300 657 1365 superest,
680 1312 834 1364 agere
856 1296 1123 1365 incipiam,
1148 1314 1253 1365 quo
1275 1296 1470 1348 foedere
1490 1295 1586 1348 fiat

156 1365 391 1430 Naturae,
416 1364 552 1433 lapis
573 1364 662 1417 hic
686 1371 747 1416 ut
769 1364 968 1417 ferrum
992 1365 1183 1418 ducere
1206 1366 1386 1434 possit,

159 1435 328 1497 Quem
351 1432 605 1502 Magneta
627 1438 819 1486 vocant
842 1433 1014 1502 patrio
1038 1434 1103 1485 de
1125 1434 1337 1485 nomine
1363 1432 1521 1497 Graii,

154 1502 468 1569 Magnetum
491 1503 617 1570 quia
640 1503 709 1555 sit
733 1503 919 1571 patriis
944 1503 1000 1554 in
1023 1501 1217 1554 finibus
1242 1508 1398 1554 ortus.
1728 1503 1833 1552 910

224 1571 386 1624 Hunc
408 1571 644 1623 homines
667 1571 899 1639 lapidem
920 1572 1196 1639 mirantur,
1221 1571 1417 1638 quippe
1440 1574 1681 1622 catenam

154 1639 304 1707 Saepe
328 1656 395 1691 ex
420 1640 644 1692 annellis
666 1640 841 1691 reddit
864 1639 1211 1707 pendentibus
1236 1656 1304 1691 ex
1328 1656 1395 1691 se.

154 1709 398 1775 Quinque
423 1709 618 1760 etenim
642 1707 768 1760 licet
790 1708 1075 1773 interdum,
1100 1707 1378 1775 pluresque
1401 1706 1594 1772 videre,

155 1775 351 1829 Ordine
374 1776 610 1845 demisso,
635 1777 836 1829 levibus
853 1776 1105 1843 jactarier
1127 1775 1283 1842 auris,

153 1843 301 1896 Unus
324 1845 419 1896 ubi
441 1861 509 1897 ex
533 1861 640 1897 uno
664 1844 925 1914 dependet
950 1844 1127 1897 subter
1150 1844 1449 1905 adhaerens3

151 1911 236 1964 Ex
260 1912 467 1979 alioque
489 1914 624 1965 alius
647 1912 840 1980 lapidis
864 1914 974 1965 vim
997 1913 1279 1980 vinclaque
1300 1912 1493 1964 noscit:

152 1980 329 2048 Usque
353 1981 482 2034 adeo
506 1986 875 2048 permananter
898 1982 980 2034 vis
1041 1981 1239 2035 ervalet
1263 1983 1389 2048 ejus.

221 2049 337 2102 Hoc
360 2065 525 2116 genus
548 2049 607 2101 in
629 2048 782 2101 rebus
805 1999 1125 2102 firmandum
1149 2055 1230 2103 est
1253 2049 1425 2102 multa
1447 2047 1607 2117 priua,
1632 2065 1794 2116 quam

151 2117 180 2168 I
218 2119 324 2170 sius
346 2117 423 2169 rei
445 2117 704 2170 rationem
725 2117 940 2170 reddere
963 2119 1159 2187 possis3

197 2191 222 2238 t
244 2185 471 2238 nimium
492 2185 663 2254 longis
685 2185 992 2254 ambagibus
1016 2192 1097 2239 est
1120 2185 1449 2238 adeundum:
1725 2187 1831 2237 920

151 2253 266 2318 Quo
288 2255 456 2321 magis
479 2259 711 2308 attentas
735 2271 886 2307 aures
909 2255 1249 2321 animumque
1271 2271 1495 2322 reposco·

639 2374 831 2428 Pluere
854 2373 1092 2427 omnibus
1112 2390 1148 2425 a
1169 2372 1327 2426 rebus.

214 2456 495 2524 Principio,
520 2457 760 2509 omnibus
783 2474 816 2509 a
838 2456 1006 2522 rebuS,
1031 2471 1390 2523 quascumque
1414 2455 1668 2522 videmus,

146 2521 406 2590 Perpetuo
429 2525 590 2576 fluere
613 2542 676 2576 ac
698 2525 842 2576 mitti
867 2525 1144 2591 spargique
1167 2540 1375 2575 necesse
1400 2528 1480 2574 est

145 2589 383 2656 Corpora,
408 2607 524 2658 quae
548 2591 742 2643 feriant
765 2591 952 2654 oculoS,
977 2591 1256 2656 visumque
1279 2591 1568 2644 lacessant:

143 2652 508 2724 Perpetuoque
527 2658 705 2710 fluunt
730 2658 883 2711 certis
907 2657 974 2710 ab
997 2655 1152 2709 rebus
1177 2658 1370 2723 odores,
