2084 3000
788 136 1004 190 LIBER
1040 136 1329 190 PRIMUS.
1829 142 1892 192 31

203 238 438 306 Deinde,
462 238 603 307 quod
629 237 847 292 obseura
869 238 936 291 de
959 256 1017 291 re
1041 244 1154 291 tam
1177 238 1357 291 lueida
1378 255 1554 307 pango

206 306 477 375 Carmina,
503 307 703 363 Musaeo
727 308 1036 374 contingens
1061 317 1253 361 cuneta
1274 306 1462 377 lepore.

205 374 276 429 Id
302 392 380 444 qu
444 393 513 428 ue
536 376 678 428 enim
700 393 806 428 non
829 375 896 429 ab
921 377 1070 429 nulla
1092 375 1296 429 ratione
1321 376 1562 441 videtur;

192 441 335 510 Sed,
360 394 528 497 vziuti
552 445 727 513 pueris
750 444 1017 498 absinthia.
1042 451 1183 501 tetra
1205 446 1476 500 medentes

206 512 396 576 Quum
420 512 545 565 dare
569 518 842 580 conantur,
867 512 1013 582 prius
1036 531 1152 568 oras
1175 513 1365 583 pocula
1388 514 1587 569 circum

206 580 546 648 Contingunt
568 582 740 634 mellis
763 581 906 634 dulei
928 581 1066 634 flavo
1100 600 1168 634 ue
1191 582 1409 651 liquore,

205 649 290 702 Ut
315 666 593 717 puerorum
617 656 745 705 setas
768 650 1063 719 improvida
1107 650 1388 704 udifieetur

205 717 505 770 Labrorum
529 724 698 786 tenuS,
722 719 924 773 interea
947 725 1189 787 perpotet
1214 736 1453 775 amarum

205 786 473 843 Absinth‘i
498 787 726 854 laticem,
750 787 1077 856 deceptaque
1100 805 1208 843 non
1232 788 1489 855 capiatur,
1792 792 1893 843 940

208 854 319 907 Sed
343 856 521 923 potius
545 855 644 915 tali
666 856 808 909 facto
832 863 1068 909 recreata
1091 856 1351 909 valescat:

207 922 301 978 Sic
326 941 424 991 ego
446 941 604 992 nune,
627 924 878 994 quoniam
901 924 1015 977 haee
1037 925 1175 977 ratio
1200 924 1509 994 plerumque
1532 924 1747 982 videtur

207 991 434 1045 Tristior
457 1010 581 1060 esse,
606 993 798 1061 quibus
821 1010 928 1046 non
951 1000 1031 1046 est
1055 999 1300 1062 tractata,
1324 1000 1568 1062 retroque

210 1060 423 1129 Vulgus
446 1062 692 1120 abhorret
715 1060 782 1115 ab
805 1062 922 1129 hae,
947 1063 1092 1116 volui
1118 1063 1218 1115 tibi
1244 1063 1632 1132 suaviloquenti

210 1129 458 1183 Carmine
483 1131 656 1183 Pierio
678 1130 936 1185 rationem
958 1148 1219 1199 exponere
1241 1138 1490 1201 nostram,

209 1198 286 1251 Et
311 1200 462 1267 quasi
486 1199 689 1255 Musaeo
713 1200 858 1252 dulei
883 1201 1186 1268 contingere
1209 1200 1395 1266 melle;

209 1267 269 1322 Si
294 1268 393 1320 tibi
417 1269 555 1321 forte
578 1269 818 1321 animum
840 1269 940 1321 tali
962 1270 1169 1322 ratione
1193 1275 1371 1328 tenere

211 1335 464 1390 Versibus
486 1337 546 1389 in
568 1338 758 1390 nostris
782 1355 1000 1406 possem,
1024 1338 1154 1390 dum
1177 1338 1427 1406 perspicis
1452 1356 1660 1394 omnem

211 1404 476 1458 Naturam
498 1423 689 1475 rerum,
714 1423 819 1475 qua
841 1412 1046 1462 constet
1070 1413 1281 1476 compta.
1302 1407 1486 1475 figura.

239 1515 394 1583 Quod
414 1524 579 1570 totwm
600 1525 670 1570 est
691 1516 986 1585 infinitum,
1011 1516 1153 1593 quod
1172 1516 1554 1586 enim-fimitwm
1575 1525 1646 1570 est
1668 1534 1870 1588 eorpus.

284 1608 387 1661 Sed
411 1607 661 1677 quoniam
684 1609 853 1675 docui,
878 1609 1192 1664 solidissima
1213 1608 1458 1664 materiai
1788 1613 1892 1662 950

215 1676 441 1745 Corpora
462 1683 716 1745 perpetuo
740 1678 960 1731 volitare
982 1678 1187 1730 invicta
1209 1694 1303 1746 per
1327 1693 1528 1741 aevum;

213 1744 371 1798 Nunc
395 1762 507 1813 age,
532 1748 758 1799 summai
784 1762 1031 1815 quaenam
1056 1747 1126 1799 sit
1148 1746 1269 1802 finis
1293 1762 1487 1814 eorum,

214 1813 393 1867 Neene
416 1814 500 1882 sit,
524 1815 851 1869 evolvamus:
887 1815 1034 1883 item,
1062 1815 1201 1883 quod
1224 1815 1382 1872 inane
1404 1819 1671 1883 repertum
1695 1821 1791 1883 est,

215 1881 319 1936 Seu
341 1882 487 1935 loeus
509 1900 572 1935 se
595 1885 842 1954 spatium,
859 1901 941 1936 res
963 1884 1023 1936 in
1047 1901 1149 1953 quo
1208 1901 1394 1953 uoeque
1409 1890 1681 1954 gerantur,

215 1950 603 2019 Pervideamus‚
627 1959 809 2005 utrum
831 1952 1046 2006 finitum
1069 1953 1167 2005 fun
1208 1954 1310 2005 ‘tus
1335 1968 1491 2005 omne

217 2019 442 2088 Constet,
466 2038 535 2073 an
558 2021 874 2080 immensum
897 2027 1080 2090 pateat
1103 2028 1381 2089 vastequee
1404 2020 1741 2102 profundum,

286 2089 452 2142 Omne
475 2089 613 2158 quod
637 2095 731 2157 est,
753 2090 934 2159 igitur,
958 2090 1111 2144 nulla
1131 2107 1188 2143 re
1227 2090 1342 2141 'one
1365 2106 1572 2142 viarum

217 2156 453 2210 Finitum
477 2164 584 2222 est3
620 2175 848 2228 namque
873 2164 1168 2212 extremum
1230 2156 1417 2210 ebebat
1439 2156 1657 2214 habere:

218 2225 527 2279 Extremum
618 2244 704 2280 rro
726 2227 925 2282 nullius
1018 2245 1098 2279 sse
1122 2227 1335 2282 videtur

219 2294 354 2362 Esse,
377 2296 482 2348 nisi
504 2313 542 2348 u
564 2303 648 2348 tra.
671 2296 741 2349 sit
764 2296 905 2365 quod
966 2296 1111 2359 niam
1146 2302 1208 2348 ut
1233 2296 1490 2360 videatur,
1786 2298 1890 2348 960

222 2363 330 2427 Quo
353 2381 461 2416 non
483 2363 693 2433 longius
717 2365 832 2417 hoee
857 2381 1037 2417 sensus
1062 2370 1254 2417 natura.
1277 2370 1541 2432 sequatur.

219 2431 269 2486 N
269 2449 370 2484 une
394 2439 547 2490 extra.
571 2451 828 2486 summam
853 2433 1103 2502 quoniam
1125 2433 1261 2485 nihil
1285 2450 1395 2484 esse
1419 2431 1697 2486 fatendum
1722 2438 1816 2499 est,

219 2500 334 2554 Non
356 2501 518 2556 habet
541 2508 862 2554 extremum:
900 2507 1045 2553 earet
1068 2518 1191 2567 ergo
1213 2501 1318 2552 fine
1341 2499 1629 2565 modoque:

221 2569 326 2625 Nee
347 2571 526 2635 refert,
551 2571 741 2643 quibus
765 2571 976 2623 assistas
999 2568 1299 2635 regionibus
1324 2569 1370 2634 ej
1379 2584 1452 2618 us.

802 2672 819 2691 θ
848 2663 915 2705 vel
937 2662 991 2701 ad
1011 2673 1170 2711 usque3
1203 2660 1299 2702 MS.
