2084 3000
179 109 247 165 36
801 109 858 162 Τ.
894 109 1228 161 LUGRE'HI

179 208 371 262 Vivam
393 208 696 277 progeniem
718 209 811 277 qui
834 209 892 262 in
918 225 1034 262 oras
1057 209 1273 262 luminis
1297 209 1472 263 edant.

178 277 451 345 Tympana
474 282 624 331 tenta
647 283 836 329 tonant
858 278 1049 346 palmis
1074 284 1129 330 et
1152 278 1394 345 cymbala
1418 279 1616 330 circum

180 345 432 410 Concava,
456 345 829 412 raucisonoque
850 346 1129 398 minantur
1152 363 1346 398 cornua
1369 353 1546 411 cantu,

179 412 252 464 Et
275 411 506 479 Phrygio
530 412 769 464 stimulat
791 429 1007 464 numero
1031 430 1162 466 cava
1186 414 1318 466 tibia
1339 422 1541 467 mentes
1561 434 1576 477 ς
1752 417 1866 467 620

180 479 409 547 Telaque
432 485 771 548 praeportant,
796 480 1015 533 violenti
1038 481 1191 548 signa
1214 482 1421 548 furoris,

181 547 424 615 Ingratos
448 548 649 601 animos
673 553 833 615 atque
856 549 1020 629 impia
1043 555 1255 617 pectora
1280 549 1431 617 vulgi

181 615 483 668 Oonterrere
505 621 654 668 metu
677 621 794 684 qute
818 624 1020 685 possmt
1042 618 1261 669 numine
1286 618 1433 671 divoe.

251 684 390 750 Ergo
414 701 578 752 quum
601 686 832 753 primum
853 702 1072 752 magnas
1096 685 1306 738 invecta
1328 703 1421 754 per
1444 685 1596 739 urbes

183 752 469 805 Munificat
493 754 659 805 tacita
680 753 925 806 mortales
948 759 1100 805 muta
1123 753 1322 808 salute:

180 820 306 874 AEre
329 826 489 889 atque
512 827 729 887 argento
754 827 997 873 sternunt
1020 821 1124 873 iter
1146 839 1300 874 omne
1325 822 1531 875 viarum
1546 831 1582 889 Υ,

183 888 442 956 Isargifica
466 889 601 956 stipe
625 889 870 954 ditantes,
895 890 1229 957 ninguntque
1253 907 1486 942 rosarum

184 957 438 1022 Floribus,
463 957 766 1009 umbrantes
790 962 1012 1009 matrem
1037 958 1392 1026 comitumque
1416 965 1665 1011 catervas.

185 1024 292 1077 Hic
315 1030 519 1077 armata
541 1042 744 1090 manue,
770 1024 986 1077 Curetas
1010 1026 1221 1077 nomine
1248 1026 1413 1078 Graeci

187 1093 327 1157 Quos
350 1098 640 1145 memorant
666 1093 934 1160 Phrygios,
960 1093 1101 1145 inter
1123 1111 1178 1146 se
1203 1094 1337 1146 forte
1360 1100 1574 1147 catenas
1759 1097 1868 1147 630

185 1160 418 1226 Ludunt,
441 1161 499 1212 in
524 1177 902 1228 numerumque
927 1161 1211 1219 exsultant.
1238 1163 1491 1229 sanguine
1515 1162 1627 1214 fleti
1650 1181 1665 1225 ;

187 1229 456 1281 'l'errificas
481 1229 718 1296 capitum
742 1230 1040 1296 quatientes
1065 1230 1283 1281 numine
1306 1231 1505 1296 cristas,

187 1297 412 1350 Dictaeos
435 1298 671 1349 referunt
696 1297 929 1363 Curetas,
954 1297 1043 1364 qui
1067 1297 1107 1349 J
1109 1298 1218 1349 ovis
1242 1298 1396 1350 illum

189 1365 445 1433 vagitum
468 1366 525 1416 in
553 1365 707 1417 Creta
731 1365 992 1432 quondam
1017 1365 1303 1418 occultasse
1329 1367 1610 1430 feruntur;

190 1434 368 1498 Quum
392 1432 542 1503 pueri
562 1433 760 1485 circum
784 1450 1007 1502 puerum
1030 1433 1241 1501 pernice
1266 1435 1456 1487 chorea

122 1536 132 1541 ·
189 1503 397 1555 Armati
419 1503 478 1554 in
501 1520 776 1555 numerum
837 1502 1074 1554 ulsarent
1097 1502 1287 1554 aeribus
1312 1520 1431 1571 sera,

189 1572 271 1624 Ne
295 1572 554 1624 Saturnus
577 1588 699 1623 eum
722 1589 776 1623 m
833 1571 873 1622 ‘s
896 1570 1171 1623 mandaret
1194 1571 1431 1639 adeptus,

190 1639 573 1707 AEternumque
598 1640 747 1691 daret
769 1639 927 1691 matri
952 1638 1050 1691 sub
1074 1645 1280 1707 pectore
1304 1641 1510 1692 wrlnus.

192 1707 474 1776 Propterea
495 1724 744 1773 magnam
767 1707 958 1759 armati
980 1713 1204 1759 matrem
1228 1707 1575 1760 comitantur:

193 1775 318 1841 Aut,
343 1775 468 1841 quia
492 1774 792 1840 significant
815 1773 992 1827 divam
1015 1775 1311 1843 praedicere,
1335 1781 1399 1827 ut
1422 1778 1581 1828 armis
1765 1779 1866 1829 640

194 1844 272 1896 Ac
296 1844 493 1896 virtute
517 1842 685 1894 velint
708 1841 935 1909 patriam
960 1842 1237 1896 defendere
1260 1848 1484 1907 terram3

194 1911 549 1977 Praesidioque
571 1915 759 1977 parent
784 1909 1059 1978 decorique
1081 1910 1386 1979 parentibus
1410 1929 1532 1964 esse.

266 1978 411 2044 Quae,
435 1978 567 2031 bene
594 1983 648 2029 et
672 1977 862 2030 eximie
886 1980 1125 2047 quamvis
1149 1980 1382 2048 disposta
1404 1981 1657 2048 ferantur,

195 2047 373 2115 Longe
397 2052 522 2100 sunt
545 2051 724 2099 tamen
747 2064 781 2100 a
804 2063 927 2100 vera
949 2047 1152 2100 ratione
1175 2048 1398 2116 repulsa.

698 2155 923 2210 Beatwm
947 2165 992 2210 et
1015 2156 1367 2227 corruptibile.

199 2253 380 2307 Omnis
403 2251 545 2305 enim
567 2270 660 2321 per
683 2270 737 2305 se
761 2252 946 2305 divum
968 2258 1161 2305 natura
1183 2269 1390 2305 necesse
1414 2258 1494 2306 est

199 2320 492 2374 Immortali
516 2338 626 2374 aevo
651 2338 855 2373 summa
878 2338 1000 2373 cum
1023 2337 1154 2387 pace
1176 2320 1402 2387 fruatur,

199 2388 409 2442 Sernota
431 2406 464 2442 a
486 2391 675 2442 nostris
699 2388 853 2441 rebus
877 2391 1217 2455 sejunctaque
1240 2387 1429 2455 longe;

199 2455 252 2507 N
252 2473 339 2507 am
361 2458 570 2525 privata
594 2457 769 2508 dolore
793 2455 949 2518 omni,
973 2455 1183 2520 privata
1204 2456 1427 2522 periclis,

203 2522 326 2591 Ipsa
349 2524 456 2575 suis
479 2524 679 2591 pollens
702 2520 900 2589 opibus,
924 2520 1060 2571 nihil
1083 2521 1267 2587 indiga
1289 2523 1468 2589 nostri,

783 2620 801 2645 v
829 2613 968 2651 omnia
986 2613 1164 2657 circum;
1194 2614 1289 2653 MS.
