2084 3000
230 153 323 207 xvi
829 151 1292 204 ARGUMENTA.

233 275 303 337 [v.
327 274 628 336 739--840]‚
648 280 696 322 et
717 275 774 321 de
794 274 953 336 puteis
975 274 1215 334 variisque
1237 273 1455 335 benignis
1477 273 1688 320 fontibus
1713 271 1786 334 [v.
1811 275 1908 320 841

229 353 415 415 —906]
443 354 572 411 dicit,
607 353 834 414 adjuncta
864 352 1051 413 lapidis,
1079 367 1223 413 quem
1256 360 1505 414 magnetem
1538 361 1723 409 vocant,
1746 353 1935 414 expli-¹

230 432 416 481 catione
471 430 542 492 [v.
589 429 903 491 907—921];
961 431 1102 490 cujus
1154 431 1328 492 lapidis
1373 431 1615 492 insignem
1657 432 1911 488 virtutem,

233 512 460 560 Herculis
491 511 720 558 beneficio
752 510 849 558 fere
882 510 1129 567 tributam,
1150 517 1207 557 ut
1239 511 1417 558 rectius
1451 511 1676 572 explicet,
1699 518 1913 572 quatuor

229 592 387 655 capita
407 592 661 655 praemittit
677 590 746 652 [v.
767 590 1096 652 922-1000].
1133 591 1227 638 His
1246 592 1527 654 praemissis,
1543 593 1643 638 vim
1666 593 1911 652 magnetis

231 671 501 719 attrahendi
528 671 711 719 ferrum
736 671 930 733 exponit
954 672 1132 733 partim
1163 686 1222 719 ex
1254 688 1325 729 eo,
1350 673 1492 734 quod,
1517 688 1669 735 quum
1707 673 1911 722 effluant

229 767 291 799 ex
321 757 541 814 magnete
575 751 871 814 corpuscula,
904 751 1048 798 inane
1080 751 1287 812 spatium
1310 751 1522 807 exsistat,
1549 752 1678 812 quod
1707 752 1767 798 ab
1795 754 1910 798 ae're

231 832 572 895 comprimatur
609 829 678 892 [v.
719 829 1083 891 mol—1054}
1104 831 1277 892 partim
1313 845 1339 876 e
1372 837 1541 878 natura
1582 837 1909 878 extremarum

227 910 455 973 partium,
498 924 608 972 quae
650 909 703 956 in
745 915 967 970 magnete
1008 909 1205 971 quidem
1246 909 1431 966 hamos,
1470 910 1521 956 in
1569 910 1694 956 ferro
1740 916 1907 957 autem

229 990 434 1037 annulos
480 990 687 1037 referant
730 986 800 1049 [v.
844 988 1208 1050 1055—1088].
1271 988 1517 1036 Postremo
1555 996 1712 1036 ortum
1746 996 1794 1036 et
1824 1005 1906 1036 ra·

230 1070 412 1117 tionem
447 1069 724 1116 morborum
769 1067 975 1115 declarat
1007 1066 1079 1128 [ν.
1119 1067 1492 1129 1089-1136];
1549 1074 1597 1114 et
1636 1069 1902 1130 pulcherri-

230 1162 362 1196 mam
415 1147 565 1210 pestis
628 1146 778 1202 illius,
826 1161 935 1207 quae
993 1146 1287 1208 temporibus
1342 1146 1458 1193 belli
1512 1145 1906 1209 Peloponnesiaci

230 1227 438 1275 Athenis
480 1225 707 1275 acerrime
750 1225 919 1281 saeviit,
964 1225 1348 1288 descriptionem,
1393 1239 1454 1273 ex
1497 1225 1779 1288 Thucydide
1817 1242 1901 1274 ex-

229 1322 462 1371 pressam,
483 1304 732 1367 subjungit
752 1301 823 1366 [V.
851 1303 1211 1366 1137—1285J.
