2084 3000
727 160 944 213 LIBER
979 160 1362 215 SECUNDUS.

202 260 314 313 Nec
337 261 641 329 quidquam,
666 262 805 329 quod
829 279 935 314 non
958 263 1222 331 permixto
1246 263 1442 315 semine
1467 265 1698 324 constet3

204 329 276 380 Et
302 345 644 397 quaecumque
667 330 834 396 magis
858 331 937 382 vis
960 331 1157 383 multas
1180 331 1410 398 possidet
1434 331 1492 382 in
1515 347 1569 383 se

203 396 383 464 Atque
405 403 704 465 potestates,
728 399 806 450 ita
825 398 1059 478 plurima
1082 399 1251 466 princi
1288 399 1459 450 iorum

203 465 271 517 In
296 481 404 517 sese
427 482 620 532 genera
642 481 705 518 ac
728 483 900 518 varias
923 467 1078 519 docet
1101 483 1211 519 esse
1271 483 1443 533 guras.

273 533 556 602 Principio,
579 534 739 586 tellus
763 534 922 586 habet
945 535 1003 586 in
1028 551 1084 587 se
1106 551 1166 586 co
1260 551 1321 587 ra
1343 533 1530 602 prima,

203 599 360 652 Unde
382 617 526 654 mare
548 602 865 654 immensum
889 602 1157 655 volventes
1234 602 1378 668 ’gora
1400 603 1573 654 fontes

204 669 428 721 Assidue
450 675 728 723 renovent:
765 669 940 736 habet,
964 671 1116 737 ignes
1138 669 1279 722 unde
1303 671 1559 724 oriantur.

203 736 344 789 Nam
366 737 549 790 multis
572 754 821 790 succensa
842 738 970 790 locis
993 737 1183 790 ardent
1206 738 1316 790 sola
1338 743 1524 802 terrae3

203 804 428 857 Eximiis
451 823 572 858 vero
594 806 728 858 furit
752 805 964 873 ignibus
987 806 1219 873 impetus
1239 806 1434 859 AEtnae.

205 872 341 925 'I'um
431 890 516 926 rro
537 874 736 926 nitidas
759 875 938 942 fruges
961 874 1280 942 arbustaque
1303 875 1429 927 laeta

206 942 364 994 Genti
398 958 462 994 us
484 942 730 995 humanis
753 941 914 995 habet
937 942 1081 995 unde
1105 943 1357 995 extollere
1380 942 1572 1010 possit:

205 1008 360 1062 Unde
383 1010 546 1063 etiam
567 1010 757 1063 fluidas
779 1011 990 1063 frondes
1014 1017 1069 1063 et
1093 1009 1289 1079 pabula
1312 1011 1439 1064 laeta

205 1077 519 1147 Montivago
545 1079 725 1147 generi
748 1079 912 1147 possit
935 1077 1166 1147 praebere
1188 1080 1434 1132 ferarum.

792 1186 875 1240 De
896 1196 1061 1240 matre
1083 1203 1293 1256 maqm.

275 1282 448 1347 Quare
469 1298 664 1348 magna
687 1279 846 1334 desim
869 1286 1053 1346 mater,
1076 1284 1349 1346 materque
1371 1277 1621 1344 ferarum,

206 1350 278 1403 Et
300 1350 467 1403 nostri
491 1349 734 1417 genetrix
759 1348 872 1400 haec
896 1348 1041 1400 dicta
1065 1351 1145 1399 est
1170 1346 1396 1415 corporis
1421 1363 1542 1398 una.

205 1418 361 1471 Hanc
383 1424 583 1471 veteres
607 1415 825 1470 Graium
847 1416 990 1468 docti
1014 1415 1247 1467 cecinere
1271 1420 1441 1482 poetae

203 1486 424 1540 Sedibus
447 1486 505 1539 in
528 1503 686 1538 cur-ru
707 1485 913 1554 bijugos
936 1483 1140 1552 agitare
1163 1483 1366 1536 leones:

205 1556 359 1609 Aeris
381 1557 440 1608 in
463 1555 632 1624 spatio
655 1571 902 1621 magnam
926 1552 1153 1621 pendere
1177 1552 1424 1603 docentes

204 1624 481 1690 Tellurem,
504 1640 676 1691 neque
698 1638 846 1691 posse
871 1622 929 1673 in
953 1627 1096 1673 terra
1119 1619 1301 1671 sistere
1325 1624 1535 1672 terram.

204 1693 511 1745 Ad‘unxere
532 1692 669 1744 feras
688 1709 702 1753 ;
738 1691 864 1757 quia
887 1688 1128 1757 quamvis
1152 1687 1309 1740 effera
1333 1687 1503 1756 proles

309 1760 404 1814 ciis
427 1760 584 1813 debet
603 1758 797 1812 molliri
821 1758 963 1812 victa
984 1763 1300 1826 parentum:

529 1875 702 1941 Quaa‘e
725 1892 917 1928 corona
939 1874 1167 1928 mwralis
1190 1873 1350 1928 datur
1378 1872 1564 1943 Cybeli.

204 1958 506 2027 Muralique
528 1966 692 2027 eaput
715 1976 979 2012 summum
1001 1959 1216 2011 cinxere
1239 1975 1429 2012 corona
1441 1977 1457 2022 ς

204 2027 431 2080 Eximiis
452 2028 660 2079 munita
682 2028 810 2080 locis
836 2028 978 2095 quod
1002 2027 1229 2080 sustinet
1253 2026 1433 2079 urbes:

206 2096 322 2160 Quo
344 2112 486 2148 nunc
508 2095 704 2163 insigni
726 2113 820 2164 per
841 2112 1060 2163 magnas
1084 2095 1310 2163 praedita
1330 2100 1499 2149 terras

206 2163 464 2216 Horrifice
487 2164 655 2216 fertur
677 2163 870 2216 divinae
893 2164 1079 2216 matris
1102 2164 1290 2231 imago,

208 2231 366 2284 Hanc
388 2231 547 2284 variae
570 2238 752 2299 gentes
776 2232 994 2300 antiquo
1017 2248 1160 2283 more
1184 2247 1448 2283 sacrorum

208 2300 408 2353 Idoeam
430 2300 666 2352 vocitant
686 2305 926 2366 matrem,
951 2299 1312 2367 Phrygiasque
1336 2304 1573 2353 catervas

206 2368 355 2421 Dant
379 2368 609 2435 comites,
634 2368 760 2435 quia
781 2368 1014 2436 primum
1037 2385 1106 2419 ex
1128 2368 1237 2419 illis
1259 2367 1454 2420 finibus
1478 2368 1645 2421 edunt

207 2436 310 2490 Per
331 2441 589 2489 terrarum
613 2435 758 2488 orbes
781 2437 961 2504 fruges
984 2436 1199 2504 coepisse
1223 2436 1402 2488 creari.

209 2505 386 2557 Gallos
408 2502 728 2566 attribuunt,
754 2504 894 2572 quia,
917 2521 1116 2557 numen
1140 2504 1231 2571 qui
1254 2502 1505 2556 violarint

206 2571 411 2639 Matris,
435 2577 491 2626 et
513 2573 711 2639 ingrati
733 2571 1058 2639 genitoribus
1081 2571 1288 2625 inventi
1313 2571 1439 2635 sint,

203 2639 510 2709 significare
532 2640 721 2694 volunt
743 2640 988 2707 indignos
1011 2656 1123 2692 esse
1146 2638 1430 2706 putandos,

1816 164 1886 214 65

1785 603 1888 654 690

1782 1415 1886 1464 600

1785 2232 1888 2282 610
