2084 3000
713 179 929 233 LIBER
964 178 1292 242 QUINTUS.
1734 182 1834 231 175
1876 207 1880 211 ·

147 281 312 333 Unus
336 278 479 332 enim
500 284 619 332 tum
645 280 867 348 quisque
889 278 1060 346 magis
1084 278 1367 348 deprensus
1390 295 1571 331 eorum

148 349 365 401 Pabula
383 348 504 401 viva
527 349 651 401 feris
675 348 942 417 praebebat
965 347 1212 400 dentibus
1236 348 1487 411 haustus3

147 418 226 470 Et
251 435 465 470 nemora
488 434 549 469 ac
572 423 774 469 montes
798 417 1002 483 gemitu
1026 416 1288 484 silvasque
1311 415 1562 485 replebat,
1726 417 1839 469 990

151 487 298 540 Viva
322 486 505 539 videns
529 486 650 539 vivo
674 485 881 553 sepeliri
905 486 1105 538 viscera
1128 485 1298 538 busto,

150 556 231 608 At
257 571 388 623 quos
413 554 665 622 effugium
691 559 934 620 servarat,
961 570 1173 621 corpore
1196 553 1368 621 adeso,

153 623 441 688 Posterius,
466 622 718 675 tremulas
743 640 800 675 su
845 640 899 674 er
921 622 1100 674 ulcera
1123 627 1263 674 tetra
1286 628 1528 676 tenentes

152 692 386 759 Palmae,
411 692 674 744 horriferis
699 692 811 743 acci
845 696 940 743 ant
965 690 1176 742 vocibus
1199 707 1408 756 orcum3

153 762 401 829 Denique
426 778 511 813 eos
534 761 647 812 vita
670 761 948 829 privarunt
972 759 1210 811 vermina
1234 775 1385 825 saeva,

156 831 245 883 Ex
314 836 421 882 rtes
444 829 570 898 opis,
593 829 801 896 ignaros
826 828 953 895 quid
978 828 1200 880 vulnera
1222 827 1434 880 vellent.

283 904 308 950 t
330 916 437 951 non
459 898 630 950 multa
653 897 827 949 virfim
853 896 949 947 sub
973 896 1137 963 signis
1160 895 1330 947 millia
1354 896 1517 949 ducta

161 968 286 1019 Una
311 966 420 1019 dies
445 966 605 1018 dabat
629 966 822 1017 exitio:
848 981 945 1016 nec
969 964 1185 1016 turbida
1206 965 1359 1032 ponti

161 1036 400 1104 AEquora
422 1035 684 1087 laedebant
708 1051 867 1086 naves
891 1034 959 1086 ad
984 1050 1113 1085 saxa
1136 1034 1405 1102 virosque3

162 1105 277 1157 Nec
300 1110 494 1156 temere
516 1104 780 1155 incassum
802 1103 1001 1154 frustra
1022 1119 1167 1154 mare
1192 1120 1328 1170 saepe
1352 1107 1591 1156 coortum
1704 1105 1842 1155 1000

166 1172 412 1239 Saevibat,
437 1172 725 1238 leviterque
747 1171 918 1223 minas
942 1171 1171 1238 ponebat
1193 1171 1404 1235 inanes3

164 1242 279 1294 Nec
303 1246 507 1308 poterat
531 1257 848 1309 quemquam
871 1238 1069 1307 placidi
1130 1239 1315 1292 ellacia
1338 1240 1493 1308 ponti

168 1309 400 1363 Subdola
421 1309 665 1378 pellicere
687 1309 746 1359 in
768 1307 1009 1360 fraudem
1031 1308 1079 1359 ri
1117 1308 1324 1360 entibus
1351 1309 1533 1373 undis;

170 1377 418 1446 Improba
440 1378 641 1445 navigii
663 1377 799 1429 ratio
824 1384 939 1429 tum
965 1393 1104 1429 caeca
1119 1377 1346 1444 Jacebat.

171 1447 306 1500 Tum
330 1448 550 1516 penuria
573 1446 761 1500 deinde
786 1445 890 1497 cibi
912 1444 1225 1513 languentia
1247 1445 1354 1500 leto

171 1517 410 1569 Membra
434 1516 618 1570 dabat:
655 1521 837 1568 contra
859 1531 1003 1567 nunc
1027 1532 1204 1566 rerum
1226 1516 1376 1583 copia.
1398 1520 1605 1569 mersat.

173 1586 266 1638 Illi
289 1585 644 1653 imprudentes
668 1584 772 1652 ipsi
794 1584 894 1635 sibi
917 1600 1054 1651 saepe
1078 1600 1340 1636 venenum

175 1653 502 1721 Vergebant:
538 1670 680 1706 nunc
704 1653 836 1705 dant
859 1652 977 1704 aliis
1002 1652 1246 1704 solertius
1269 1652 1386 1720 ipsi.

248 1723 379 1775 Inde
403 1740 546 1775 casas
570 1728 849 1791 postquam
873 1738 935 1773 ac
959 1720 1122 1790 pelles
1147 1721 1425 1789 ignemque
1448 1725 1719 1790 pararunt,

178 1792 250 1844 Et
272 1791 459 1843 mulier
481 1792 764 1855 conjuncta
787 1791 899 1843 viro
923 1790 1177 1842 concessit
1199 1789 1257 1840 in
1280 1807 1462 1857 unum,
1715 1792 1848 1842 1010

181 1861 434 1927 Castaque
457 1861 680 1927 privatae
702 1859 920 1913 Veneris
943 1858 1206 1911 connubia
1229 1858 1354 1910 laeta

182 1928 400 1995 Cognita
423 1935 562 1994 sunt,
586 1930 889 1999 prolemque
912 1945 981 1979 ex
1004 1945 1059 1980 se
1082 1927 1258 1980 videre
1282 1932 1538 1990 creatam3

181 1998 313 2049 'Dum
336 2014 500 2063 genus
522 1997 814 2048 humanum
838 1997 1069 2065 primum
1092 1996 1389 2048 mollescere
1413 1996 1583 2064 coepit.

183 2065 327 2131 Ignis
351 2065 491 2117 enim
514 2066 732 2131 curavit,
756 2073 819 2118 ut
842 2066 976 2118 alsia
998 2082 1213 2133 corpora
1234 2065 1403 2131 frigus

184 2134 302 2185 Nou
324 2133 402 2185 ita
415 2136 531 2201 jam
554 2140 764 2201 possent
787 2134 905 2186 coeli
930 2133 1026 2186 sub
1052 2134 1283 2200 tegmine
1306 2134 1470 2186 ferre:

186 2202 255 2253 Et
280 2202 457 2253 Venus
481 2203 752 2254 imminuit
777 2204 941 2265 vires;
1014 2203 1231 2269 uerique
1255 2207 1534 2269 parentum

187 2270 464 2322 Blanditiis
488 2271 643 2322 facile
666 2272 939 2338 ingenium
985 2287 1163 2338 regere
1187 2270 1481 2338 superbum.

186 2338 331 2390 Tunc
355 2345 409 2390 et
433 2339 718 2391 amicitiam
744 2346 1014 2406 coeperunt
1030 2341 1255 2406 jungere
1278 2338 1530 2390 habentes

188 2407 425 2459 Finitimi
448 2408 586 2458 inter
609 2426 677 2473 se,
703 2425 799 2459 nec
824 2407 1028 2473 laedere,
1053 2424 1150 2457 nec
1175 2407 1370 2458 violare
1384 2426 1397 2469 ;

188 2476 257 2528 Et
280 2492 465 2542 pueros
490 2477 917 2527 commendarunt
942 2475 1297 2542 muliebreque
1321 2476 1532 2527 saeclum
1719 2476 1855 2526 1020

191 2544 414 2595 Vocibus
439 2551 493 2596 et
516 2550 700 2610 gestu;
736 2561 902 2612 quum
926 2543 1077 2594 balbe
1102 2543 1474 2610 significarent,

193 2611 574 2664 Imbecillorum
598 2630 707 2663 esse
733 2629 942 2679 aequum
966 2611 1256 2662 misererier
1279 2612 1434 2663 omni.

193 2681 308 2735 Non
331 2687 510 2734 tamen
535 2681 844 2733 omnimodis
868 2684 1075 2747 poterat
1099 2679 1373 2731 concordia
1393 2679 1574 2745 gigniz
