2084 3000
753 182 970 235 LIBER
1003 181 1319 235 TERTIUS.
1806 184 1872 236 '77

188 282 413 334 Noscere‘
436 285 499 334 ut
521 282 646 334 hinc
668 282 847 350 possis,
871 299 978 334 non
1002 298 1178 349 aequas
1202 282 1378 334 omnia

189 352 415 419 Corpora
438 350 642 417 habere,
667 368 836 419 neque
860 367 927 403 ex
953 367 1102 419 aequo
1124 350 1313 403 fulcire
1417 358 1562 402 utem
1582 368 1597 412 ς

188 419 292 471 Sed
315 420 484 487 magis
507 419 637 486 haec,
662 420 808 471 venti
831 436 948 487 quoe
973 427 1099 471 sunt
1123 419 1385 486 calidique
1408 421 1615 488 vaporis

188 488 415 553 Semina,
440 504 622 543 curare
644 488 702 539 in
725 487 970 543 membris
994 493 1055 539 ut
1079 488 1192 541 vita
1214 493 1458 542 moretur.

188 557 287 608 Est
309 556 476 623 igitur
498 555 640 608 calor
661 573 724 610 ac
747 561 935 608 ventus
959 556 1137 609 vitalis
1161 557 1219 607 in
1242 556 1355 623 ipso

191 625 429 693 Corpore,
453 624 547 692 qui
570 624 718 677 nobis
740 624 1076 677 moribundos
1101 625 1291 676 deserit
1313 630 1474 677 artus.
1774 627 1873 676 130

264 693 607 762 Quapropter,
631 694 880 762 quoniam
903 699 984 745 est
1007 692 1173 744 animi
1195 698 1389 745 natura
1409 697 1617 760 reperta

189 761 370 830 Atque
392 762 596 828 animae,
620 762 768 831 quasi
791 779 912 830 pars
934 761 1162 813 hominis
1182 779 1197 824 ;
1231 761 1390 813 redde
1414 761 1708 814 harmoniai

192 828 414 895 Nom‘en,
439 830 506 883 ab
529 831 772 898 organico
796 830 938 882 saltu
961 830 1200 891 delatum
1225 825 1510 897 Heliconis,

192 898 316 952 Sive
338 899 551 952 aliunde
575 899 676 967 ipsi
699 916 850 968 porro
874 906 1084 951 traxere
1106 904 1161 951 et
1183 899 1240 950 in
1262 898 1411 950 illam

192 967 614 1035 Transtulerunt‚
640 969 847 1037 proprio
872 985 989 1036 quoe
1013 974 1132 1020 tum
1154 984 1236 1019 res
1259 967 1469 1019 nomine
1492 966 1715 1034 egebat3

192 1036 464 1105 Quidquid
486 1037 544 1089 id
567 1043 662 1104 est,
686 1036 916 1089 habeant
936 1055 950 1100 3
986 1042 1050 1088 tu
1073 1042 1248 1089 cetera
1269 1036 1479 1104 percipe
1502 1036 1659 1088 dicta.

527 1145 794 1199 Animum
817 1153 862 1197 et
884 1144 1128 1196 animam
1150 1142 1425 1211 conjuncta
1449 1159 1560 1195 esse.

264 1237 421 1290 Nunc
444 1238 681 1291 animum
704 1241 864 1305 atque
887 1236 1120 1289 animam
1144 1234 1261 1286 dico
1284 1235 1568 1301 conjuncta
1590 1234 1759 1286 teneri

194 1305 349 1359 Inter
372 1323 441 1373 se,
464 1312 623 1374 atque
647 1322 810 1357 unam
833 1310 1081 1357 naturam
1105 1303 1445 1359 conficereex
1470 1320 1553 1366 se;

194 1374 299 1427 Sed
323 1380 485 1443 caput
507 1391 617 1427 esse
641 1374 807 1441 quasi,
831 1379 887 1426 et
909 1372 1169 1425 dominari
1192 1372 1248 1422 in
1274 1387 1486 1440 corpore
1510 1375 1622 1423 toto

196 1444 500 1511 Consilium,
525 1443 665 1511 quod
687 1459 781 1494 nos
804 1441 1040 1494 animum
1063 1446 1397 1508 mentemque
1421 1455 1696 1492 vocamus:
1780 1442 1884 1491 140

196 1513 367 1582 quue
391 1513 554 1565 situm
576 1512 750 1564 media
771 1511 983 1580 regione
1007 1510 1065 1561 in
1089 1510 1312 1578 pectoris
1335 1509 1514 1561 haeret.

197 1581 304 1633 Hic
327 1581 561 1634 exsultat
583 1581 726 1633 enim
817 1596 910 1632 vor
932 1596 995 1631 ac
1017 1586 1193 1631 metus
1212 1596 1227 1640 ;
1263 1577 1376 1629 haec
1399 1576 1515 1628 loca
1537 1576 1733 1628 circum

195 1650 422 1703 Iaaetitiae
443 1649 680 1702 mulcent
698 1668 713 1713 ;
789 1649 836 1701 'c
859 1665 982 1715 ergo
1003 1663 1153 1699 mens
1177 1646 1487 1713 animusque
1509 1651 1603 1698 est.

197 1718 382 1772 Cetera
404 1735 526 1787 pars
548 1718 738 1771 animae
761 1733 856 1786 per
876 1723 1050 1769 totum
1074 1714 1258 1767 dissita
1279 1730 1467 1781 eorpus

197 1786 371 1853 Paret,
396 1794 451 1840 et
474 1787 541 1839 ad
565 1803 763 1839 numen
784 1785 978 1838 mentis
999 1800 1312 1852 momenque
1333 1785 1605 1846 movetur3

199 1855 372 1923 quue
396 1856 493 1908 sibi
519 1855 688 1908 solum
710 1872 805 1923 per
827 1872 882 1907 se
905 1854 1059 1922 sapit,
1084 1860 1140 1906 et
1162 1852 1262 1904 sibi
1285 1850 1516 1919 gaudet3

198 1924 382 1984 Quum
405 1941 573 1993 neque
594 1941 677 1976 res
699 1923 945 1988 animam,
969 1940 1007 1974 n
1074 1938 1140 1973 ue
1162 1938 1350 1988 corpus
1374 1925 1665 1973 commovet
1689 1936 1810 1973 una.

197 1991 271 2045 Et
328 1993 442 2045 uasi
466 2009 627 2061 quum
652 1997 815 2060 caput
837 1997 934 2044 aut
957 2007 1055 2043 ocu
1080 2007 1153 2056 us,
1177 1995 1420 2042 tentante
1443 1989 1633 2055 dolore,

199 2009 443 2113 Laeditur
465 2062 522 2113 in
546 2061 709 2127 nobis,
735 2077 841 2112 non
864 2060 1007 2111 omni
1030 2058 1425 2112 concruciamur

199 2129 421 2197 Corpore
441 2146 455 2193 3
491 2130 566 2182 sic
589 2129 797 2182 animus
819 2144 1199 2196 nonnunquam
1221 2126 1432 2178 laeditur
1453 2125 1581 2194 ipse,
1783 2127 1883 2177 150

200 2195 513 2266 Iaaetitiaque
537 2199 697 2265 viget,
721 2213 884 2270 quum
910 2202 1084 2249 cetera
1105 2213 1227 2264 pars
1243 2194 1443 2247 animai

200 2265 302 2319 Per
323 2265 556 2319 membra
578 2273 740 2333 atque
763 2272 910 2317 artus
932 2265 1082 2316 nulla
1103 2263 1339 2316 novitate
1364 2262 1547 2316 cietur.

200 2334 415 2401 Verum,
438 2334 531 2387 ubi
554 2334 853 2388 vehementi
875 2333 1045 2400 magis
1068 2338 1148 2384 est
1170 2337 1429 2384 commota
1450 2336 1599 2382 metu
1621 2345 1786 2396 mens,

200 2403 505 2456 Consentire
529 2404 761 2456 animam
785 2408 951 2454 totam
975 2417 1070 2469 per
1090 2400 1325 2452 membra
1347 2399 1603 2465 videmus,

202 2471 528 2541 Sudoresque
551 2473 629 2524 ita
651 2471 1008 2552 palloremque
1031 2469 1278 2521 exsistere
1302 2471 1414 2519 toto

202 2540 438 2622 Corpore,
464 2546 519 2593 et
539 2540 763 2607 infrmgi
784 2539 1024 2606 linguam
1048 2553 1329 2604 vocemque
1352 2534 1559 2602 aboriri,

202 2608 442 2677 Caligare
464 2609 651 2676 oculos,
677 2624 855 2660 sonere
877 2624 1041 2674 aures,
1067 2605 1331 2658 succidere
1354 2609 1514 2658 artus.

272 2677 514 2746 Denique
536 2677 806 2729 concidere
829 2692 897 2729 ex
920 2675 1086 2728 animi
1109 2679 1303 2726 terrore
1326 2671 1567 2725 videmus
