2084 3000
747 199 966 252 LIBER
1001 200 1319 254 TERTIUS.
1535 186 1541 193 ‘
1804 202 1872 252 93

189 300 437 353 Vulneris
461 299 669 353 ardenti
694 306 756 352 ιιι
781 317 956 352 morsu
979 305 1187 369 premat
1209 300 1316 352 icta
1341 299 1529 352 dolore.

260 368 516 422 Omnibus
540 386 649 421 esse
671 369 838 436 igitur
860 374 999 420 totas
1023 369 1257 421 dieemus
1280 369 1338 419 in
1364 367 1471 420 illis

188 437 470 491 Particulis
495 437 697 489 animas
717 437 737 489 ‘3
773 443 831 489 at
854 455 916 489 ea
936 438 1140 489 ratione
1165 432 1425 518 sequetur,

188 506 365 559 Unam
388 507 713 558 animantem
737 506 940 563 animas
964 505 1206 558 habuisse
1229 523 1287 557 in
1311 522 1523 573 corpore
1546 504 1756 558 multas.

185 574 329 643 Ergo
353 574 522 628 divisa
545 581 625 627 est
648 592 724 639 ea,
750 591 868 642 quse
890 574 997 626 fuit
1024 591 1129 626 una
1152 574 1309 627 simul
1334 591 1457 625 eum

187 643 444 710 Corpore:
480 650 799 711 quapropter
822 642 1043 695 mortale
1069 648 1355 709 utrumque
1378 641 1677 710 putandum
1700 648 1795 707 est,

190 711 258 764 In
282 712 479 764 multas
504 712 752 780 quoniam
774 717 951 780 partes
975 711 1253 763 disciditur
1276 727 1438 779 seque.

289 841 483 896 Omra
508 842 882 915 Pytkaqoram,
907 843 1003 914 qui
1023 843 1220 896 dicebat
1242 842 1455 896 anime
1478 842 1542 896 in
1564 859 1783 912 corpora

813 937 1006 990 iter-mn
1029 936 1230 990 reverti.

257 1048 533 1116 Praeteoea,
558 1050 603 1102 si
626 1049 936 1103 immortalis
958 1055 1151 1102 natura
1174 1049 1372 1102 animai
1758 1048 1861 1101 670

188 1116 420 1184 Constat,
445 1125 500 1171 et
522 1119 578 1171 in
603 1135 788 1187 eorpus
812 1118 1149 1171 nascentibus
1170 1118 1502 1180 insinuatur:

187 1185 294 1238 Cur
315 1204 471 1255 super
493 1195 618 1241 ante
641 1196 816 1241 actam
840 1193 1051 1240 aetatem
1073 1187 1371 1238 meminisse
1394 1185 1696 1253 nequimus„

185 1254 299 1307 Nec
322 1256 546 1323 vestigia
568 1263 837 1324 gestarum
859 1273 1032 1308 rerum
1058 1255 1170 1307 ulla
1193 1261 1433 1308 tenemus
1453 1253 1473 1306 Ἰ

186 1323 327 1376 Nam
349 1324 394 1376 si
417 1330 690 1393 tantopere
714 1330 792 1377 est
817 1324 981 1376 animi
1004 1330 1214 1376 mutata
1237 1328 1481 1391 potestas,

189 1391 372 1445 Omnis
394 1399 458 1444 ut
481 1399 722 1445 actarum
745 1392 998 1445 exciderit
1019 1392 1306 1444 retinentia
1328 1407 1503 1442 rerum
1524 1408 1538 1452 ;

185 1460 322 1529 Νοιι,
346 1467 409 1515 ιιι
433 1461 632 1531 opinor,
655 1461 712 1514 id
734 1460 802 1515 ab
825 1461 931 1514 leto
947 1461 1063 1529 jam
1086 1459 1312 1527 longiter
1336 1465 1488 1512 errat.

189 1530 521 1600 Quapropter
541 1530 740 1583 fateare
763 1547 970 1582 neeesse
995 1533 1092 1596 est,
1115 1546 1233 1596 quae
1257 1527 1364 1579 fuit
1388 1532 1527 1592 ante,

187 1599 470 1665 Interiisse,
495 1604 564 1665 et,
589 1616 706 1667 quse
730 1614 872 1651 nune
895 1604 988 1663 est,
1012 1614 1155 1649 nune
1178 1613 1289 1649 esse
1311 1600 1556 1648 creatam.

257 1668 532 1732 Praeterea,
557 1667 616 1734 si,
633 1669 747 1736 jam
772 1666 1002 1735 perfecto
1024 1682 1250 1734 corpore,
1273 1663 1424 1716 nobis

186 1735 381 1789 Inferri
404 1736 560 1789 solita
582 1744 663 1789 est
685 1736 852 1789 animi
874 1736 1056 1789 vivata
1079 1740 1309 1803 potestas
1760 1736 1862 1786 680

185 1805 338 1872 Tum,
362 1822 530 1887 quum
552 1805 822 1873 gignimur
843 1811 899 1858 et
921 1804 1049 1857 vites
1074 1820 1237 1871 quum
1259 1802 1422 1855 limen
1444 1799 1671 1854 inimus:

186 1871 352 1926 Haud
374 1880 453 1927 ita
475 1874 832 1941 conveniebat,
855 1873 939 1926 uti
963 1890 1086 1926 eum
1110 1888 1320 1942 eorpore
1343 1877 1398 1924 et
1421 1888 1532 1924 una

186 1942 321 1995 Cum
343 1942 589 1995 membris
612 1943 854 1996 videatur
874 1944 933 1994 in
957 1943 1070 2024 ipso
1095 1942 1349 2010 sanguine
1374 1956 1567 1993 cresse:

185 2010 290 2063 Sed
312 2010 461 2065 velut
482 2011 539 2063 in
562 2028 736 2079 eavea,
760 2029 854 2080 per
878 2030 932 2064 se
956 2012 1057 2063 s1bi
1079 2012 1255 2064 vivere
1278 2010 1443 2062 solam

180 2079 458 2146 Convenit,
482 2087 546 2133 ut
570 2098 724 2133 sensu
747 2098 933 2149 eorpus
956 2086 1135 2133 tamen
1158 2079 1343 2132 affluat
1365 2094 1545 2130 omne:

185 2148 362 2211 Quare
383 2149 544 2201 etiam
569 2155 730 2218 atque
753 2150 915 2201 etiam
937 2165 1034 2200 nee
1059 2148 1274 2215 originis
1298 2164 1407 2199 esse
1431 2144 1730 2215 putandum
1756 2150 1837 2197 est

184 2216 444 2284 Expertes
467 2218 683 2283 animas,
708 2234 806 2270 nee
830 2216 927 2269 leti
948 2217 1066 2283 lege
1089 2216 1299 2269 solutas.

183 2285 238 2337 N
237 2302 325 2337 am
348 2302 516 2355 neque
540 2292 814 2354 tantopere
835 2285 1049 2337 adnecti
1070 2286 1301 2365 potuisse
1323 2282 1622 2352 putandum
1644 2288 1725 2335 est

184 2353 496 2422 Corporibus
520 2355 710 2407 nostris
733 2353 1057 2407 extrinsecus
1081 2353 1397 2416 insinuatas;

185 2422 336 2487 Quod
359 2422 473 2476 fieri
496 2429 666 2476 totum
691 2429 874 2475 eontra
895 2422 1177 2474 manifesta
1199 2420 1349 2473 docet
1371 2437 1467 2473 res.
1756 2420 1860 2471 690

181 2491 425 2559 Namque
449 2492 527 2545 ita
549 2508 786 2544 connexa
809 2496 889 2543 est
911 2508 1006 2558 per
1029 2507 1204 2556 venas,
1227 2490 1439 2554 viscera,
1462 2503 1662 2552 nervos,

183 2558 432 2629 Ossaque,
455 2560 539 2612 uti
562 2560 746 2612 dentes
769 2577 840 2628 qu
905 2576 973 2612 ue
997 2576 1153 2611 sensu
1175 2557 1556 2626 participentur
1567 2573 1583 2616 ;

183 2627 400 2682 Morbus
423 2632 488 2680 ιιι
511 2628 727 2694 indicat,
751 2634 806 2679 et
830 2645 894 2695 ge
917 2627 1028 2680 ida'i
1055 2626 1280 2693 stringor
1302 2625 1479 2690 aquai,

183 2697 256 2750 Et
278 2696 414 2767 lapis
438 2710 712 2765 oppressus
736 2695 924 2748 subitis
947 2713 976 2749 e
999 2695 1242 2761 frugibus
1265 2707 1442 2759 asper:
