2084 3000
727 205 947 259 LIBER
979 207 1294 262 TERTIUS.
1787 216 1849 270 81
1882 242 1896 274 ς,

163 304 434 358 Motibus:
469 304 607 358 hanc
631 304 696 358 ob
719 324 828 360 rem
852 308 1017 360 vitam
1041 308 1265 362 retinere
1289 310 1536 377 talemus.

238 374 412 441 Nunc,
436 392 498 426 ea
522 391 625 441 quo
650 382 803 443 pacto
826 376 966 428 inter
990 394 1099 429 sese
1122 378 1306 445 mixta,
1332 379 1625 447 quibusque

167 442 392 510 Compta
413 443 581 495 modis
605 444 832 511 vigeant,
856 445 1113 497 rationem
1136 447 1349 500 reddere
1372 455 1615 500 aventem
1755 451 1859 500 260

167 511 447 563 Abstrahit
470 512 696 564 invitum
722 513 882 581 patrii
907 515 1156 566 sermonis
1181 522 1397 582 egestas.

170 579 275 632 Sed
298 585 494 647 tamen,
518 586 580 632 ut
603 588 782 649 potero
807 583 1111 634 summatim
1135 584 1413 652 attingere,
1436 590 1668 654 tangam.

549 689 860 758 Conjunctio
883 690 1066 744 animi
1086 700 1131 744 et
1154 692 1484 744 animarum.

247 782 396 836 Inter
418 783 556 836 enim
582 790 797 836 cursant
819 785 1105 853 primordia
1127 785 1505 854 principiorum

176 851 418 904 Motibus
441 852 578 905 inter
600 870 668 919 se,
692 853 829 905 nihil
853 859 916 906 ut
940 855 1195 906 secernier
1218 871 1386 907 unum

177 919 362 986 Possit,
387 937 484 973 nec
509 923 678 990 spatio
700 922 813 974 fieri
837 922 1006 974 divisa
1031 929 1294 991 potestas:

178 988 282 1042 Sed
306 989 454 1057 quasi
477 990 661 1042 multae
685 991 764 1043 vis
787 991 948 1043 unius
971 992 1197 1060 corporis
1222 996 1449 1045 exstant.

179 1058 329 1121 Quod
353 1075 518 1125 genus
540 1059 598 1111 in
622 1060 802 1127 quovis
825 1060 1157 1113 animantum
1180 1061 1344 1113 visere
1367 1061 1526 1129 vulgo

179 1126 278 1179 Est
301 1127 426 1179 odor
449 1133 502 1180 et
525 1128 741 1195 quidam
765 1128 904 1181 calor
927 1135 983 1181 et
1006 1146 1183 1198 sapor:
1220 1136 1275 1182 et
1297 1135 1475 1182 tamen
1499 1148 1566 1183 ex
1590 1130 1673 1182 his

182 1194 438 1248 Omnibus
461 1203 540 1248 est
565 1214 730 1248 unum
753 1197 1046 1265 perfectum
1069 1199 1294 1267 corporis
1316 1217 1557 1267 augmen.

179 1264 270 1317 Sic
293 1264 432 1317 calor
455 1270 612 1333 atque
636 1267 729 1318 aer
751 1273 805 1318 et
828 1266 975 1318 venti
999 1284 1137 1319 caeca
1158 1272 1389 1336 potestas
1684 1311 1692 1317 ,
1769 1270 1875 1321 270

181 1333 362 1385 Mixta
384 1340 565 1386 creant
586 1350 750 1386 unam
772 1341 1032 1402 naturam,
1058 1340 1113 1389 et
1134 1335 1341 1389 mobilis
1364 1336 1459 1389 illa

182 1401 295 1469 Vis,
318 1401 512 1454 initum
535 1408 710 1455 motus
733 1402 799 1455 ab
824 1420 877 1455 se
900 1420 1016 1471 quae
1040 1404 1233 1457 dividit
1254 1404 1376 1471 illis,

182 1469 414 1526 Sensifer
435 1471 577 1524 unde
601 1471 766 1525 oritur
787 1472 1016 1542 primum
1039 1489 1134 1542 per
1156 1474 1355 1527 viscera
1374 1479 1561 1528 motus.

183 1540 325 1594 Nam
347 1541 559 1609 penitus
582 1559 816 1610 prorsum
839 1542 973 1595 latet
995 1542 1110 1595 haec
1133 1548 1339 1610 natura,
1364 1542 1672 1611 subestque:

185 1610 300 1662 Nec
321 1610 490 1677 magis
514 1610 615 1662 hac
637 1610 778 1663 infra
805 1611 1094 1680 quidquam
1117 1616 1197 1663 est
1218 1612 1277 1662 in
1300 1628 1510 1679 corpore
1532 1618 1735 1663 nostro:

185 1678 365 1747 Atque
387 1678 566 1731 anima
588 1685 669 1731 est
691 1680 880 1732 animae
905 1696 1151 1749 proporro
1177 1680 1341 1733 totius
1363 1680 1505 1748 ipsa:

190 1747 341 1811 Quod
364 1763 530 1814 genus
554 1748 611 1799 in
634 1748 824 1801 nostris
848 1748 1094 1801 membris
1117 1754 1172 1801 et
1195 1765 1408 1817 corpore
1430 1753 1543 1801 toto

189 1815 369 1868 Mixta
390 1815 561 1868 latens
584 1816 748 1868 animi
772 1817 851 1869 vis
875 1822 955 1869 est
976 1817 1271 1885 animusque
1294 1822 1554 1885 potestas;

191 1883 503 1952 Corporibus
527 1886 650 1966 quia
674 1885 739 1937 de
762 1887 937 1954 parvis
961 1885 1247 1955 paucisque
1270 1893 1447 1938 creata
1470 1891 1564 1940 est.
1865 1941 1875 1945 ,

192 1952 280 2005 Sic
303 1953 401 2005 tibi
424 1953 651 2005 nominis
674 1954 787 2006 haec
811 1971 996 2023 expers
1020 1955 1101 2007 vis
1123 1955 1268 2007 facta
1288 1955 1509 2007 minutis
1780 1956 1885 2005 280

194 2020 503 2089 Corporibus
527 2022 686 2075 latet:
721 2028 882 2091 atque
905 2023 1105 2076 anima'i
1130 2024 1292 2076 totius
1316 2024 1433 2092 ipsa
1860 2043 1863 2048 ·

194 2089 448 2158 Proporro
472 2096 552 2143 est
574 2091 767 2158 anima,
790 2097 845 2144 et
869 2092 1170 2145 dominatur
1194 2109 1403 2160 corpore
1426 2095 1554 2144 toto.

196 2158 466 2211 Consimili
488 2160 692 2214 ratione
714 2177 922 2213 necesse
946 2167 1041 2227 est,
1068 2167 1258 2213 ventus
1281 2166 1337 2213 et
1359 2162 1453 2213 aer

195 2226 270 2279 Et
293 2227 433 2280 calor
453 2228 593 2281 inter
619 2246 674 2281 se
698 2230 912 2295 vigeant
935 2230 1224 2284 commixta
1245 2246 1339 2296 per
1361 2234 1522 2295 artus,

197 2296 376 2363 Atque
397 2296 515 2349 aliis
538 2297 685 2350 aliud
710 2297 877 2349 subsit
899 2315 952 2349 m
1026 2298 1082 2363 ‘s‚
1107 2298 1467 2365 emineatque:

200 2364 277 2416 Ut
299 2364 551 2432 quiddam
572 2365 687 2419 fieri
710 2366 953 2418 videatur
1012 2384 1041 2418 e
1065 2365 1306 2418 omnibus
1329 2383 1529 2419 unum:

198 2433 282 2486 Ne
305 2432 446 2485 calor
467 2450 529 2485 ac
552 2441 741 2486 ventus
766 2451 1007 2500 seorsum,
1034 2451 1366 2502 seorsumque
1389 2440 1619 2502 potestas
1725 2461 1730 2466 ²

200 2501 354 2554 Acris
376 2502 684 2555 interimant
708 2519 930 2569 sensum,
955 2503 1278 2571 diductaque
1301 2503 1519 2555 solvant.
