2084 3000
217 179 320 230 144
476 175 532 228 Τ.
558 174 889 228 LUORE'HI
924 172 1143 226 LIBER
1178 172 1517 237 QUARTUS.

216 275 499 356 Crassaque
523 275 839 328 conveniant
860 273 1091 342 liquidis,
1115 278 1170 326 et
1192 273 1396 341 liquida
1418 274 1618 326 crassis.

218 342 395 411 Atque
417 361 474 395 m
499 359 558 396 eo
580 343 756 408 refert,
778 358 884 411 quo
907 342 1056 394 victu
1079 342 1193 395 vita
1215 342 1445 394 colatur:

214 410 458 478 Namque
480 411 598 463 aliis
620 411 773 463 rebus
796 415 1138 463 concrescunt
1162 410 1359 462 semina
1382 409 1641 477 membris,

217 478 392 548 Atque
414 479 532 532 aliis
556 483 913 531 extenuantur
934 477 1221 598 tabentffiue
1243 478 1486 531 vicissim.

215 547 288 600 Et
311 547 500 616 quibus
522 548 638 615 ipsa
659 547 826 599 modis
849 551 1109 600 tractetur
1166 546 1328 599 landa
1349 547 1608 616 voluptas,

216 614 282 667 Id
307 632 509 684 quoque
532 615 803 684 permagni
824 615 1016 668 refert:
1052 632 1178 667 nam
1200 631 1343 668 more
1366 615 1609 683 ferarum,
1751 619 1894 669 1260

217 683 731 753 Quadrupedumque
751 684 922 752 magis
945 684 1072 750 ritu,
1096 683 1406 752 plerumque
1429 690 1688 752 putantur

217 752 496 821 Concipere
519 770 722 819 uxoreS,
747 753 871 821 quia
894 752 968 805 sic
991 749 1107 804 loca
1130 768 1331 805 sumere
1353 758 1573 820 possunt

216 819 519 874 Pectoribus
542 822 739 891 positis,
765 820 983 874 sublatis
1008 819 1208 872 semina
1228 819 1436 872 lumbis.

217 889 271 940 N
270 905 329 941 ec
352 890 533 942 molles
557 891 678 958 opu’
704 893 831 941 sunt
854 894 1027 941 motus
1051 888 1302 941 uxoribus
1325 888 1523 942 hilum:
1713 930 1716 931 ν

215 956 354 1009 Nam
376 958 567 1010 mulier
589 956 829 1026 prohibet
853 974 907 1009 se
931 957 1217 1024 concipere,
1240 962 1400 1024 atque
1421 961 1696 1026 repugnat,

217 1024 471 1077 Clunibus
492 1026 608 1093 ipsa
629 1025 730 1078 viri
755 1024 1011 1077 Venerem
1034 1025 1080 1076 si
1103 1025 1228 1077 laeta
1249 1030 1514 1093 retractet,
1661 1035 1669 1042 '

216 1092 392 1173 Atque
416 1097 652 1145 exossato
672 1092 779 1165 ciet
803 1092 945 1145 omni
968 1098 1178 1160 pectore
1200 1093 1409 1147 fluctus.

215 1160 356 1213 Eiclt
379 1161 518 1212 enim
541 1160 672 1214 sulci
694 1164 839 1214 recta
860 1161 1073 1228 regione
1096 1161 1286 1229 viaque

217 1228 466 1296 Vomeris,
490 1234 650 1297 atque
672 1228 797 1282 locis
820 1230 1014 1282 avertit
1038 1230 1250 1282 seminis
1272 1230 1452 1284 ictum.

217 1297 381 1366 quue
404 1314 499 1350 sua
522 1314 680 1351 causa
701 1303 1018 1352 consuerunt
1041 1304 1213 1351 scorta
1234 1301 1447 1367 moveri,
1748 1303 1886 1356 1270

214 1365 297 1419 Ne
320 1382 433 1418 com
469 1366 700 1420 lerentur
723 1365 914 1433 crebro,
937 1367 1269 1436 gravidaeque
1284 1369 1538 1448 jacerent,

214 1435 286 1487 Et
310 1384 469 1487 simuY
487 1435 602 1506 ipsa
623 1436 750 1489 viris
775 1435 954 1488 Venus
976 1441 1040 1488 ut
1064 1437 1364 1488 concinmor
1386 1444 1546 1490 esset:

215 1504 533 1572 Oonjugibus
558 1506 696 1572 quod
720 1505 797 1557 nil
820 1504 1010 1557 nostris
1034 1522 1163 1572 opus
1186 1522 1297 1558 esse
1314 1506 1535 1559 videtur.

282 1572 393 1625 Nec
416 1573 668 1627 divinitus
691 1573 955 1626 interdum
971 1573 1289 1642 Venerisque
1312 1575 1519 1642 sagittis

214 1639 481 1694 Deteriore
503 1642 566 1694 fit
588 1647 651 1695 ut
673 1642 842 1695 forma
863 1642 1175 1696 muliercula
1197 1648 1414 1696 ametur.

213 1709 354 1763 Nam
376 1710 508 1764 facit
531 1711 646 1779 ipsa
669 1711 777 1764 suis
799 1710 1068 1764 interdum
1089 1711 1289 1764 femina
1304 1711 1478 1780 factis,

213 1776 590 1847 Morigerisque
611 1780 778 1832 modis
801 1785 858 1832 et
879 1780 1077 1832 mundo
1102 1796 1310 1848 corpore
1334 1781 1494 1849 culta,

213 1845 290 1898 Ut
311 1847 466 1899 facile
488 1846 750 1900 insuescat
775 1863 950 1900 secum
973 1848 1055 1900 vir
1078 1848 1265 1916 degere
1287 1848 1467 1902 vitam.

283 1914 433 1979 Quod
457 1920 701 1982 superest,
725 1916 1046 1969 consuetudo
1070 1917 1349 1969 concinnat
1372 1934 1613 1971 amorem.

211 1981 350 2036 Nam
373 1982 559 2035 leviter
580 1983 830 2050 quamvis,
853 1984 993 2063 quod
1017 1985 1197 2038 crebro
1218 1986 1464 2039 tunditur
1487 1987 1614 2054 ictu,
1743 1991 1881 2046 1280

213 2050 460 2103 Vincitur
481 2050 540 2101 in
562 2050 718 2118 longo
741 2058 911 2120 spatio
933 2057 1126 2120 tamen,
1148 2060 1311 2121 atque
1334 2054 1567 2109 labascit.

211 2118 398 2172 Nonne
421 2118 580 2186 vides,
603 2120 762 2173 etiam
786 2124 966 2188 guttas
988 2122 1048 2173 in
1071 2138 1199 2175 saxa
1221 2123 1466 2176 cadentes

211 2185 462 2242 Humor-is
484 2186 640 2256 longo
662 2188 721 2241 in
743 2189 913 2257 spatio
935 2191 1253 2260 pertundere
1274 2191 1436 2245 saxa?
