2084 3000
260 196 363 249 174
870 193 928 247 Τ.
963 192 1299 247 LUORETH

258 295 363 351 Sed
384 311 597 349 nemora
618 298 776 363 atque
799 310 951 347 cavos
972 300 1177 348 montes
1201 295 1461 362 silvasque
1486 294 1743 362 colebant,

259 364 332 417 Et
355 364 571 416 frutices
594 363 734 416 inter
755 362 1049 415 condebant
1073 363 1311 431 squalida
1333 363 1582 431 membra,

260 431 491 486 Verbera
514 438 787 484 ventorum
812 431 978 483 vitare
1000 431 1293 499 imbresque
1316 433 1499 486 coacti.

259 501 313 555 N
313 518 372 554 ec
396 516 671 552 commune
694 499 889 551 bonum
913 506 1157 568 poterant
1181 507 1429 620 spectare,
1452 516 1623 569 neque
1646 499 1778 553 ullis

261 569 497 622 Moribus
521 569 659 620 inter
683 585 736 621 se
760 566 964 620 scibant
985 585 1084 620 nec
1106 568 1214 636 legi
1250 586 1312 621 us
1336 569 1435 623 uti.

263 637 415 702 Quod
438 637 626 705 cuique
650 635 913 689 obtulerat
935 637 1126 706 praedae
1150 639 1380 703 fortuna,
1404 636 1625 703 ferebat,

262 706 460 776 Sponte
484 722 580 759 sua
602 704 702 758 sibi
727 706 948 774 quisque
972 706 1145 758 valere
1168 711 1223 757 et
1246 706 1424 759 vivere
1447 706 1644 761 doctus.

262 775 335 829 Et
355 775 532 828 Venus
555 774 612 826 in
636 774 780 827 silvis
795 772 1057 841 jungebat
1079 790 1294 842 corpora
1316 781 1618 830 amantum:
1837 778 1956 829 960

265 843 590 898 Conciliabat
614 843 756 896 enim
779 843 863 895 vel
886 847 1075 894 mutua
1099 859 1360 911 quamque
1384 842 1592 911 cupid0,

265 913 364 965 Vel
389 913 621 966 violenta
642 912 743 964 viri
766 911 846 963 vis
869 917 1027 978 atque
1050 910 1290 978 impensa
1313 909 1491 978 libid0‚

265 982 366 1035 Vel
390 981 632 1050 pretium,
656 979 872 1046 glandes
896 987 1059 1046 atque
1081 979 1284 1045 arbuta,
1311 979 1396 1032 vel
1420 981 1538 1049 pira
1560 979 1713 1033 lecta.

335 1049 407 1101 Et
428 1064 683 1099 manuum
707 1047 839 1099 mira
861 1047 986 1099 freti
1009 1048 1207 1100 virtute
1230 1048 1544 1117 pedumque,

269 1115 713 1171 consectabantur
736 1115 997 1168 silvestria
1020 1116 1175 1169 saecla
1195 1117 1428 1169 ferarum

268 1184 555 1239 Missilibus
578 1184 716 1236 saxis
740 1189 795 1235 et
817 1201 1009 1251 magno
1030 1185 1259 1253 pondere
1283 1186 1474 1250 clavae3

268 1254 544 1322 Multaque
567 1251 864 1319 vincebant,
889 1252 1132 1306 vitabant
1155 1270 1325 1322 pauca
1347 1254 1592 1319 latebris;

269 1322 619 1391 Setigerisque
642 1338 790 1391 pares
815 1321 994 1374 suibus
1018 1322 1277 1375 silvestria
1298 1323 1534 1377 membra

267 1391 556 1445 Nudabant
579 1397 746 1456 terrae,
771 1395 1027 1443 nocturno
1052 1397 1285 1460 tempore
1308 1392 1467 1460 capti,

270 1462 476 1515 Circum
503 1478 557 1514 se
577 1459 716 1514 foliis
740 1476 803 1513 ac
826 1458 1099 1513 frondibus
1123 1460 1462 1529 involventes.
1835 1461 1944 1516 970

269 1532 322 1584 N
322 1548 382 1583 ec
404 1532 652 1599 plangore
675 1529 815 1582 diem
837 1545 1027 1597 magno
1051 1529 1312 1597 solemque
1335 1547 1428 1599 per
1450 1546 1601 1598 agros

272 1600 586 1664 Quaerebant
607 1599 801 1667 pavidi,
825 1598 1066 1668 palantes
1088 1599 1258 1651 noctis
1280 1599 1339 1650 in
1364 1599 1588 1653 umbris:

271 1668 374 1722 Sed
398 1668 549 1722 taciti
571 1666 934 1736 respectabant
957 1684 1239 1736 somnoque
1262 1668 1470 1737 sepulti,

271 1737 414 1790 Dum
435 1754 580 1790 rosea
601 1736 717 1790 face
741 1736 817 1788 sol
839 1736 1057 1789 inferret
1079 1736 1283 1789 lumina
1306 1736 1449 1790 coelo.

271 1807 320 1860 A
344 1806 546 1875 parvis¹
568 1804 706 1873 quod
729 1805 870 1858 enim
893 1811 1206 1858 consuerant
1229 1822 1439 1858 cernere
1462 1822 1679 1874 semper,

273 1875 491 1928 Alterno
514 1872 754 1927 tenebras
777 1877 832 1924 et
853 1872 1026 1926 lucem
1050 1880 1282 1955 tempore
1304 1874 1470 1942 gigni,

271 1943 394 1995 Non
416 1949 544 2007 erat,
569 1947 631 1993 ut
653 1941 767 1993 fieri
789 1947 977 2009 posset,
1000 1942 1239 1995 mirarier
1262 1960 1515 2011 unquam,

272 2011 384 2064 Nec
408 2010 655 2076 diffidere,
678 2025 746 2061 ne
769 2015 934 2061 terras
959 2016 1157 2064 aeterna
1179 2017 1382 2065 teneret

272 2079 409 2145 Nox,
432 2079 490 2130 in
513 2094 606 2158 per
644 2082 828 2129 etuum
850 2077 1088 2132 detracto
1110 2080 1310 2133 lumine
1335 2080 1471 2134 solis.

273 2147 376 2201 Sed
397 2163 567 2214 magis
588 2146 609 2197 i
651 2146 725 2198 ud
749 2151 862 2198 erat
885 2163 1039 2214 curae,
1064 2149 1204 2217 quod
1228 2149 1381 2202 saeela
1402 2150 1635 2203 ferarum
1840 2152 1943 2201 980

275 2217 531 2270 Infestam
553 2214 754 2267 miseris
777 2214 1041 2269 faciebant
1066 2234 1201 2286 saepe
1225 2219 1486 2285 quietem;

273 2285 545 2355 Ejectique
569 2283 721 2336 domo
743 2284 1020 2352 fugiebant
1045 2303 1202 2339 saxea
1225 2292 1368 2339 tecta

273 2353 568 2422 Spumigeri
581 2352 608 2387 ¹
632 2353 738 2405 suis
762 2354 992 2406 adventu
1017 2354 1284 2422 validique
1306 2355 1501 2419 leonis3

273 2424 452 2489 Atque
474 2422 792 2490 intempesta
815 2422 1070 2474 cedebant
1093 2430 1245 2475 nocte
1268 2430 1520 2491 paventes

275 2490 586 2558 Hospitibus
611 2490 760 2542 saevis
781 2490 1007 2542 instrata
1030 2490 1227 2543 cubilia
1249 2491 1448 2543 fronde.

292 2574 297 2579 ·
342 2559 453 2610 Nec
475 2558 637 2610 nimio
661 2564 779 2610 tum
801 2557 935 2624 plus,
960 2573 1119 2622 quam
1141 2575 1298 2625 nunc,
1321 2559 1567 2612 mortalia
1590 2560 1743 2612 saecla

273 2624 464 2678 Dulcia
485 2626 795 2692 linquebant
817 2623 1042 2676 labentis
1066 2625 1270 2678 lumina
1292 2627 1429 2680 vitae.

441 2706 456 2735 ί
476 2709 633 2760 Ριιοτίις
665 2707 760 2748 ΜΒ.
1425 2709 1444 2736 ⁸
1475 2713 1671 2765 Setigeri3
1690 2713 1784 2754 Me.
1817 2734 1830 2739 -
