2084 3000
682 230 899 285 LIBER
934 229 1273 296 QUARTUS.
1710 228 1815 278 1:33·

138 331 245 385 Per
268 330 501 384 membra
523 347 585 384 ac
608 347 767 384 venas
789 338 854 384 ut
876 347 1105 384 amorem
1128 329 1337 384 obturet
1360 327 1563 382 edendi.
1710 330 1815 381 870

212 400 421 452 Humor
443 400 570 451 item
595 398 816 452 discedit
839 400 898 452 in
921 400 1111 466 omnia,
1136 415 1252 468 quae
1275 398 1390 451 locu.
1412 413 1639 465 cumque

139 468 377 521 Poscunt
398 467 701 530 humorem;
724 468 1112 537 glomerataque
1135 466 1306 521 multa
1328 466 1534 534 vaporis

140 537 382 605 Corpora,
407 553 525 605 quae
549 535 815 589 stomacho
838 537 1075 605 praebent
1097 535 1343 588 incendia.
1363 540 1556 600 nostro,

137 605 379 673 Dissipat
402 604 684 657 adveniens
707 604 894 672 liquor,
918 622 981 657 ac
1002 605 1301 671 restinguit,
1327 610 1389 656 ut
1412 604 1607 671 ignem,

139 673 306 725 Urere
328 689 396 725 ne
418 673 583 740 possit
604 672 745 729 calor
766 673 994 753 amplius
1015 672 1195 726 aridus
1218 678 1377 725 artus.

138 740 227 793 Sic
251 740 417 822 igitur
438 739 537 793 tibi
560 741 751 794 anhela
774 741 891 793 sitis
915 740 981 793 de
1004 757 1215 808 corpore
1238 746 1414 792 nostro

138 809 410 876 Abluitur,
434 809 508 861 sic
531 809 777 879 expletur
791 811 979 877 jejuna
999 808 1207 884 cupido.

382 924 464 978 De
485 934 628 979 motu
648 924 1006 993 membrorum,
1030 924 1095 978 id
1113 933 1185 979 est
1206 921 1536 978 ambulando.

211 1009 368 1063 Nunc
424 1010 486 1065 ui
509 1009 620 1077 fist,
637 1010 720 1063 uti
742 1028 926 1080 passus
948 1011 1180 1080 proferre
1201 1025 1469 1079 queamus,

144 1078 323 1143 Quum
343 1095 410 1130 vo
429 1095 598 1144 umus,
622 1079 870 1147 varieque
893 1078 1079 1132 datum
1102 1079 1171 1131 sit
1193 1077 1427 1131 membra.
1448 1093 1668 1145 movere,

143 1146 217 1198 Et
239 1163 358 1215 quae
380 1163 462 1199 res
484 1151 698 1199 tentum
720 1146 819 1200 hoc
843 1148 1012 1200 oneris
1033 1147 1340 1216 protrudere
1361 1145 1526 1199 nostri
1706 1147 1812 1197 880

147 1215 385 1282 Corporis
406 1215 643 1281 insuerit,
667 1215 865 1268 dicam:
890 1222 952 1268 tu
975 1216 1184 1284 percipe
1207 1215 1364 1267 dicta.

216 1282 360 1348 Dico,
383 1283 559 1335 animo
582 1289 759 1336 nostro
782 1284 1012 1352 primum
1035 1282 1314 1336 simulacra
1335 1282 1546 1335 meandi

145 1349 410 1417 Accidere,
433 1356 592 1419 atque
615 1352 852 1404 animum
874 1352 1097 1422 pulsare,
1126 1357 1189 1404 ut
1212 1351 1441 1404 diximus
1464 1356 1601 1404 ante.

149 1418 281 1471 Inde
305 1419 547 1472 voluntas
568 1419 663 1473 fit:
699 1437 868 1489 neque
891 1421 1032 1472 enim
1057 1420 1227 1473 facere
1249 1419 1439 1488 incipit
1462 1418 1628 1473 ullam

149 1487 281 1540 Rem
303 1487 595 1557 quisquam,
619 1505 778 1557 quam
799 1506 946 1543 mens
969 1489 1214 1559 providit,
1238 1489 1367 1558 quid
1389 1487 1535 1553 velit,
1558 1495 1696 1543 ante.

151 1556 230 1624 Id,
255 1556 393 1625 quod
418 1558 669 1626 providet,
694 1558 839 1612 illius
860 1559 937 1611 rei
961 1564 1168 1612 constat
1190 1559 1377 1626 imago.

148 1624 301 1693 Ergo,
325 1626 532 1678 animus
555 1643 716 1695 quum
740 1644 849 1680 sese
871 1627 951 1680 ita
972 1631 1278 1695 commovet,
1301 1631 1367 1680 ut
1389 1624 1519 1679 velit
1541 1625 1617 1679 ire

150 1691 320 1762 Inque
341 1694 503 1762 gredi,
526 1695 652 1747 ferit
674 1695 951 1764 extemplo,
970 1712 1088 1764 quae
1111 1696 1170 1748 in
1192 1711 1402 1764 corpore
1424 1699 1537 1747 toto

150 1760 251 1815 Per
273 1762 505 1815 membra
527 1769 688 1831 atque
711 1770 858 1817 artus
880 1765 1081 1817 animai
1104 1764 1289 1817 dissita
1311 1763 1391 1817 vis
1414 1766 1517 1815 est:

148 1828 221 1882 Et
243 1830 399 1883 facile
421 1836 502 1883 est
522 1831 739 1899 factum,
762 1833 1010 1901 quoniam
1032 1834 1313 1900 conjuncta.
1336 1835 1562 1885 tenetur.
1707 1834 1813 1884 890

154 1897 285 1951 Inde
308 1915 371 1951 ea
393 1914 639 1968 proporro
661 1917 848 1970 corpus
868 1902 1007 1969 ferit,
1031 1906 1193 1969 atque
1215 1901 1293 1953 ita
1316 1905 1430 1954 tota

151 1964 417 2018 Paulatim
439 1967 599 2019 moles
622 1970 951 2036 protruditur
971 1975 1132 2037 atque
1153 1974 1406 2022 movetur.

219 2032 477 2087 Praeterea
499 2041 617 2087 tum
637 2037 852 2090 rarescit
875 2055 1082 2106 quoque
1105 2054 1306 2106 corpus,
1330 2043 1384 2090 et
1407 2037 1493 2089 αὸι

156 2100 381 2168 Scilicet,
404 2107 468 2154 ut
492 2102 660 2171 debet,
685 2106 776 2173 qui
799 2123 1000 2173 semper
1021 2104 1230 2158 mobilis
1252 2111 1442 2170 exstat,

153 2168 254 2221 Per
275 2170 540 2249 patefacta
562 2173 724 2240 venit,
748 2180 1092 2243 penetratque
1113 2173 1372 2226 foramina
1393 2173 1588 2241 largus,

151 2236 225 2289 Et
247 2237 565 2305 dispergitur
586 2240 655 2293 ad
678 2247 852 2309 portes
874 2242 953 2295 ita
975 2259 1210 2311 quasque
1232 2242 1464 2294 minutas

154 2305 421 2373 Corporis:
456 2306 546 2360 hic
569 2307 736 2376 igitur
756 2308 910 2362 rebus
931 2309 997 2362 fit
1018 2311 1283 2377 utrimque
1307 2308 1526 2375 duabus,

153 2372 224 2426 Co
285 2390 348 2426 us
370 2373 468 2441 uti,
491 2380 555 2427 ut
577 2377 727 2429 navis
749 2377 879 2430 velis
903 2383 1176 2446 ventoque,
1199 2378 1414 2431 feratur.

272 2456 331 2493 ec
353 2446 532 2495 tamen
554 2443 690 2496 illud
712 2445 771 2497 in
793 2445 877 2499 his
897 2446 1055 2499 rebus
1077 2445 1315 2499 mirabile
1338 2449 1558 2509 constat,

153 2508 381 2564 Tantula
404 2511 546 2578 quod
569 2518 781 2566 tantum
805 2530 990 2582 corpus
1013 2514 1323 2583 corpuscula
1346 2513 1543 2582 possint
1713 2514 1818 2562 900

155 2578 516 2648 Contorquere,
542 2587 596 2633 et
619 2599 750 2635 onus
773 2588 946 2634 totum
969 2587 1268 2634 convertere
1291 2586 1541 2633 nostrum.

156 2646 361 2728 Quippe
385 2648 582 2700 etenim
605 2655 793 2702 ventus
817 2649 999 2701 subtili
1022 2667 1084 2701 co
1176 2666 1234 2701 re
1254 2648 1429 2707 tenuis

156 2714 342 2768 'l'rudit
364 2732 527 2784 agens
548 2732 796 2784 magnam
817 2733 1011 2786 magno
1033 2733 1120 2770 mo
1141 2718 1302 2768 imine
1326 2730 1510 2768 navem
1527 2732 1543 2778 ς
