2084 3000
213 184 313 242 fes·
789 182 795 188 ’
823 191 880 244 Τ.
915 190 1250 244 LUCRE'I'II

209 289 316 342 Nos
340 307 493 358 agere
516 284 615 343 hoc
637 294 830 355 autem,
854 294 910 343 et
932 295 1180 343 naturam
1203 306 1433 358 quaerers
1455 308 1630 344 rerum
1784 294 1895 345 970

208 357 436 426 Semper,
462 364 517 411 et
540 359 812 410 inventam
836 358 1021 427 patriis
1046 376 1304 428 exponere
1328 359 1538 413 chartis.

268 426 465 491 ¹Cetera.
489 426 563 479 sic
588 425 765 479 studia
787 433 946 493 atque
969 432 1109 479 artes
1131 427 1439 495 plerumque
1461 429 1713 481 videntur

210 491 276 546 Iu
304 495 496 547 somnis
519 494 720 547 animos
743 494 1018 547 hominum
1040 495 1297 548 frustrata
1320 502 1522 550 tenere:

209 563 296 630 Et,
322 562 639 683 quicumque
663 562 774 616 dies
796 563 991 617 multos
1015 580 1084 615 ex
1108 563 1289 616 ordine
1311 564 1452 616 ludis

208 630 329 683 Assi
366 647 461 683 uas
485 631 726 684 dederint
750 648 946 701 operas,
970 632 1277 701 plerumque
1300 632 1552 701 videmus,

211 698 385 762 Quum
400 701 516 768 jam
540 698 839 753 destiterint
862 718 924 753 ea
948 699 1182 753 sensibus
1206 717 1470 769 usurpare,

209 767 452 821 Relicuas
476 774 655 821 tamen
678 785 786 822 esse
809 769 921 822 vias
944 769 1002 821 in
1023 775 1202 822 mente
1224 774 1480 837 patentes,

211 835 328 900 Qua
349 837 551 905 possint
573 837 755 890 eadem
778 854 952 890 rerum
974 837 1255 890 simulacra
1277 838 1468 890 venire.

211 903 506 958 Permultos
529 906 709 973 itaque
731 905 827 958 illa
849 905 960 958 dies
983 905 1167 958 eadem
1190 905 1528 959 obversantur

209 972 352 1026 Ante
374 973 563 1038 oculos,
588 974 750 1026 etiam
773 973 1055 1041 vigilantes
1079 979 1140 1026 ut
1164 974 1445 1027 videantur
1781 980 1890 1028 980

212 1041 432 1093 Cernere
455 1041 722 1106 saltantes,
748 1046 803 1093 et
824 1041 1005 1094 mollia
1026 1042 1262 1095 membra
1282 1049 1568 1105 moventes,

214 1109 287 1172 Et
312 1108 536 1161 cithares
559 1108 822 1177 liquidum
846 1126 1057 1162 carmen
1077 1110 1400 1179 chordasque
1422 1111 1694 1180 loquentes

215 1175 447 1230 Auribus
470 1176 734 1245 accipere3
768 1183 824 1230 et
847 1194 1144 1230 consessum
1166 1196 1374 1232 cernere
1397 1181 1640 1246 eundem,

213 1245 503 1313 Scena’iqus'
525 1245 682 1297 simul
706 1246 876 1298 varios
899 1246 1171 1315 splendere
1195 1248 1415 1301 decores.

213 1314 391 1381 Usque
415 1313 543 1375 adeo
729 1315 741 1327 ⁸
768 1315 928 1378 refert
954 1315 1190 1367 studium
1213 1321 1372 1384 atque
1395 1316 1651 1385 voluntas,

213 1382 284 1434 Et
308 1381 497 1450 quibus
519 1382 578 1435 in
598 1400 655 1435 re
691 1400 753 1435 us
777 1383 1076 1436 consuerint
1099 1400 1208 1436 esse
1232 1401 1261 1436 o
1300 1386 1433 1437 erati

215 1450 332 1505 Non
354 1450 592 1512 homines
617 1451 798 1519 solum,
822 1451 912 1505 sed
936 1469 1057 1506 vero
1081 1452 1225 1505 anim
1282 1453 1294 1465 ‘
1354 1459 1559 1508 cuncta.

217 1520 423 1589 Quippe
446 1520 646 1574 videbis
670 1538 829 1590 equos
851 1521 1027 1588 forteS,
1053 1537 1219 1589 quum
1240 1523 1474 1576 membra
1490 1523 1744 1591 jacebunt

226 1589 292 1641 In
322 1591 527 1656 somnis,
553 1590 740 1644 sudare
764 1596 942 1643 tamen
967 1590 1265 1659 spirareque
1289 1607 1504 1659 semper,

215 1656 287 1710 Et
310 1658 460 1727 quasi
484 1657 548 1712 de
572 1660 749 1728 palma
772 1676 1000 1712 summas
1023 1660 1336 1712 contendere
1359 1661 1509 1726 vires,
1780 1665 1887 1713 990

215 1726 326 1779 Aut
350 1727 501 1795 quasi
523 1728 815 1781 carceribus
838 1727 1116 1795 patefactis
1139 1743 1277 1796 saepe
1300 1728 1491 1797 quiete.

286 1794 688 1865 venantumque
711 1812 863 1849 canes
887 1796 943 1847 in
966 1796 1114 1849 molli
1137 1813 1273 1866 saepe
1297 1797 1471 1865 quiete

214 1861 436 1916 Jactant
459 1880 612 1916 crura
634 1870 812 1917 tamen
836 1863 1025 1929 subito,
1049 1882 1085 1918 v
1235 1883 1299 1918 ue
1320 1870 1537 1934 repente

215 1930 460 1997 Mittunt,
483 1937 538 1984 et
561 1930 764 1985 crebras
785 1931 1086 1985 redducunt
1107 1935 1225 1987 nari
1260 1950 1322 1985 us
1345 1950 1515 2001 auras,

216 1998 291 2050 Ut
314 1999 537 2065 vestigia
559 1998 603 2050 si
627 2003 843 2052 teneant
866 1999 1085 2054 inventa
1105 2001 1364 2065 feramm;

215 2066 688 2134 Expergefactique
711 2073 1005 2136 sequuntur
1026 2069 1208 2123 inania
1231 2086 1366 2137 soepe

217 2134 495 2200 Cervorum
520 2134 814 2203 simulacra,
836 2136 979 2204 fugae
1003 2138 1155 2205 quasi
1177 2138 1357 2191 dedita
1381 2143 1628 2202 cernant;

214 2202 393 2256 Donec
418 2197 660 2256 discussis
681 2204 899 2257 redeant
923 2204 1179 2258 erroribus
1202 2206 1272 2259 ad
1296 2223 1363 2259 se.

215 2270 291 2324 At
315 2276 562 2325 consueta
585 2272 726 2325 domi
750 2273 1045 2326 catulorum
1065 2273 1261 2327 blanda
1284 2291 1513 2343 propago

216 2339 488 2392 Discutere
511 2344 565 2392 et
589 2357 774 2410 corpus
799 2342 863 2394 de
890 2348 1031 2395 terra
1054 2343 1309 2411 corripere
1332 2343 1549 2409 instant,
1747 2346 1881 2395 1000

216 2406 441 2460 Proinde
464 2409 616 2476 quasi
637 2409 844 2477 ignotas
867 2410 1027 2462 facies
1050 2417 1209 2477 atque
1233 2427 1322 2463 ora
1344 2416 1583 2464 tuantur.

215 2474 286 2526 Et
311 2491 413 2540 quo
438 2492 656 2544 quaeque
679 2478 847 2544 magis
871 2482 997 2529 sunt
1019 2494 1202 2545 aspera
1226 2477 1576 2545 seminiorum,

215 2542 343 2593 'Pam
368 2543 535 2610 magis
559 2543 616 2595 in
641 2543 831 2595 somnis
855 2543 1036 2596 eadem
1061 2545 1241 2596 saevire
1264 2561 1534 2597 necessum
1557 2553 1649 2599 est.

285 2609 357 2659 At
380 2610 538 2662 variae
560 2610 779 2692 fugiunt
803 2610 1050 2676 volucres,
1073 2612 1230 2678 penn‘
1295 2629 1360 2663 ue
1381 2621 1597 2680 repente

213 2674 511 2730 sollicitant
535 2678 719 2732 divum
740 2683 995 2731 nocturno
1019 2684 1250 2746 tempore
1293 2694 1431 2745 ucos,

19 2893 259 2935 —L
