2084 3000
206 192 306 246 104
350 211 351 214 ¹
814 191 872 245 Τ.
908 190 1240 244 ΙιΠΟΒΕΤΙΙ

203 292 402 359 Gar-cer,
425 295 480 344 et
501 291 763 345 horribilis
788 292 853 345 de
877 308 1002 344 saxo
1019 294 1199 360 jactus
1223 306 1417 358 eorum,

204 358 446 428 Verbera,
471 359 752 427 carnifices,
775 359 946 427 robur,
970 361 1079 430 pix,
1103 360 1316 427 lamina,
1342 361 1517 414 taedae:
1731 364 1874 416 1030

204 427 332 493 Quae
354 433 532 481 tamen
556 428 655 480 etsi
676 427 883 496 absunt,
907 434 964 481 at
987 446 1134 481 mens
1159 429 1257 481 sibi
1283 429 1488 481 conscia
1510 429 1681 497 factis,

203 495 570 564 Praemetuens,
595 496 811 549 adhibet
833 497 1086 564 stimulos,
1109 503 1377 566 torretque
1399 497 1635 566 flagellis,

202 562 313 618 Nec
337 565 481 618 videt
504 566 719 633 interea,
744 566 836 635 qui
859 567 1114 618 terminus
1138 583 1247 618 esse
1270 566 1524 618 malorum

201 632 386 702 Possit,
410 651 507 687 nec
531 650 646 702 quoe
671 635 740 687 sit
763 651 1034 702 poenarum
1057 635 1281 702 denique
1304 634 1450 686 finis:

202 701 378 771 Atque
402 704 583 756 eadem
605 703 798 756 metuit
821 704 1002 771 magis,
1026 703 1139 755 hsec
1162 720 1229 755 ne
1252 703 1310 754 in
1330 709 1499 756 morte
1521 710 1856 772 gravescunt:

202 769 345 824 Hinc
369 771 659 825 Acherusia
680 772 743 824 fit
767 772 1050 825 stultorum
1074 772 1300 839 denique
1322 772 1447 824 vita.

272 838 388 893 Hoc
411 841 573 894 etiam
594 841 695 893 tibi
717 847 836 893 tute
857 841 1127 893 interdum
1148 840 1320 893 dicere
1342 841 1536 907 possis:

202 906 429 962 Lumina
452 910 522 962 sis
545 910 708 962 oculis
732 910 893 962 etiam
915 909 1082 961 bonus
1105 908 1273 962 Ancu’
1297 909 1525 977 reliquit,

204 975 313 1037 Qui
334 977 517 1038 melior
538 978 722 1030 multis
747 992 908 1044 quam
931 982 994 1030 tu
1015 978 1138 1045 fuit,
1162 977 1410 1047 improbe,
1434 977 1601 1031 rebus.

203 1043 335 1097 Inde
359 1045 450 1098 alii
473 1045 631 1098 multi
653 1061 799 1125 reges
822 1062 1100 1113 rerumque
1122 1052 1362 1113 potentes
1668 1059 1672 1064 ·
1734 1050 1870 1099 1040

203 1110 532 1179 Occiderant,
557 1129 762 1181 magnis
786 1115 878 1194 qui
900 1115 1146 1182 gentibus
1170 1115 1556 1184 imperitarunt.

272 1180 370 1234 Ille
393 1198 597 1251 quoque
618 1182 744 1250 ipse,
769 1199 910 1235 vlam
933 1183 1023 1251 qui
1048 1183 1311 1252 quondam
1332 1200 1427 1252 per
1448 1200 1591 1237 mare
1615 1200 1872 1253 magnum

203 1247 418 1316 Stravit,
441 1250 645 1319 iterque
669 1251 815 1303 dedit
838 1251 1130 1319 legionibus
1153 1252 1230 1304 ire
1253 1269 1346 1320 per
1368 1251 1552 1320 altum,

200 1319 280 1371 Ac
303 1317 522 1387 pedibus
545 1319 705 1373 salsas
730 1320 910 1373 docuit
933 1336 1177 1389 superare
1200 1320 1445 1383 lacunas;

200 1385 272 1440 Et
295 1394 497 1440 contem
538 1389 620 1454 sit,
644 1389 791 1457 equis
813 1389 1089 1456 insultam,
1114 1405 1384 1442 murmura
1407 1389 1584 1458 ponti3

200 1452 423 1511 Iaumine
446 1474 479 1511 a
516 1462 707 1527 empto,
731 1458 961 1512 animam
983 1457 1294 1512 moribundo
1317 1474 1528 1527 corpore
1550 1458 1708 1513 fudit.

269 1525 357 1579 Sei
392 1527 550 1595 iades,
574 1528 700 1580 belli
722 1528 938 1596 fulmen,
965 1527 1297 1595 Carthaginis
1319 1527 1514 1596 horror,

202 1592 329 1648 Ossa
387 1596 498 1649 edit
520 1603 689 1664 terrm,
712 1597 929 1666 proinde
953 1613 1014 1649 ac
1036 1596 1206 1649 famul
1229 1596 1440 1648 infimus
1464 1601 1611 1649 esset.

268 1663 420 1718 Adde
441 1671 727 1735 repertores
751 1666 1109 1719 doctrinarum
1131 1671 1290 1734 atque
1314 1665 1578 1733 leporum3

198 1732 349 1786 Adde
367 1734 769 1788 Heliconiadum
784 1736 996 1788 comites
1010 1752 1024 1798 3
1049 1751 1272 1803 quorum
1289 1751 1427 1786 unus
1444 1733 1700 1787 Homerus
1737 1737 1872 1785 1050

199 1798 415 1871 Sceptra
439 1804 654 1871 potitus,
679 1804 860 1856 eadem
883 1804 999 1856 aliis
1023 1802 1214 1871 sopitu’
1241 1803 1419 1871 quiete
1442 1809 1535 1855 est.

266 1869 506 1937 Denique
529 1871 885 1924 Democritum
908 1877 1186 1940 postquam
1208 1877 1419 1925 matura
1440 1876 1677 1923 vetustas

198 1937 490 1990 Admonuit
512 1955 807 2006 memorem,
829 1946 1003 1993 motus
1026 1940 1362 2007 languescere
1384 1939 1591 2007 mentis,

198 2004 395 2073 Sponte
421 2022 515 2057 sua
537 2005 643 2059 leto
667 2023 728 2059 ca
767 2012 827 2059 ut
851 2006 1032 2061 obvius
1058 2008 1251 2062 obtulit
1273 2009 1411 2077 ipse.'

269 2072 389 2142 Ipse
412 2074 671 2143 Epicurus
694 2092 725 2127 o
759 2076 819 2142 it,
843 2076 1058 2129 decurso
1080 2077 1281 2131 lumine
1305 2079 1442 2143 vitae,

190 2140 300 2205 Qui
320 2158 487 2222 genus
511 2142 802 2195 humanum
824 2145 1035 2212 ingenio
1060 2146 1339 2213 superavit,
1365 2150 1419 2198 et
1443 2162 1620 2199 omnes

198 2207 468 2263 Restmxit
492 2210 667 2263 stellas
692 2217 901 2265 exortus
924 2214 1007 2266 uti
1032 2214 1280 2266 aetherius
1304 2214 1394 2266 soL

267 2277 346 2332 'l'u
370 2296 492 2332 vero
515 2278 780 2332 dubitabis
803 2287 857 2334 et
879 2281 1222 2349 indignabere
1245 2281 1400 2348 obire,

193 2346 408 2402 Mortua
432 2348 519 2400 cui
543 2348 656 2400 vita
679 2355 757 2401 est
781 2367 940 2418 prope
956 2354 1072 2419 jam
1095 2351 1214 2403 vivo
1237 2355 1397 2417 atque
1421 2349 1658 2403 videnti?

197 2415 302 2479 Qui
325 2432 502 2469 somno
526 2422 728 2484 partem
751 2420 1001 2485 maJ‘orem
1024 2419 1247 2470 conteris
1270 2419 1383 2483 oevi,
1728 2421 1865 2469 1060

195 2480 267 2536 Et
291 2484 517 2551 vigilans
541 2485 730 2550 stertis,
755 2502 852 2537 nec
875 2486 1077 2538 somnia
1099 2502 1307 2538 cernere
1330 2503 1513 2552 cessas,

194 2548 586 2620 sollicitamque
608 2554 746 2619 geris
769 2569 914 2604 cassa
936 2553 1216 2604 formidine
1236 2559 1496 2616 mentem;

193 2615 306 2668 Nec
328 2620 552 2685 reperire
575 2626 736 2688 potes,
761 2618 889 2685 quid
912 2618 981 2670 sit
1005 2620 1103 2670 tibi
1128 2635 1263 2687 saepe
1286 2621 1429 2686 mali,
1456 2637 1622 2688 quum

191 2682 380 2737 Ebrius
403 2687 602 2753 urgeris
624 2686 808 2737 multis
829 2685 986 2737 miser
1009 2687 1244 2754 undique
1268 2689 1421 2754 curis,
