2084 3000
802 185 1018 239 LIBER
1054 186 1382 251 QUINTUS.
1824 194 1924 245 179

240 296 454 351 Invidia
475 296 737 365 quoniam,
760 312 858 349 ceu
880 295 1119 364 fulmine,
1144 313 1348 349 summa
1371 300 1629 365 vaporant
1787 299 1923 350 1130

241 367 573 435 Plerumque,
598 371 654 418 et
678 382 795 433 quse
820 372 945 417 sunt
968 365 1093 417 altis
1115 366 1284 433 magis
1308 364 1452 417 edita
1475 382 1724 433 cumque:

240 435 676 503 Quandoquidem
700 434 914 502 sapiunt
938 434 1110 486 alieno
1134 451 1202 486 ex
1226 451 1326 500 ore,
1351 440 1648 503 petuntque

238 503 345 556 Res
367 521 435 556 ex
458 504 654 556 auditis
678 504 868 571 potius,
895 519 1053 570 quam
1078 503 1312 555 sensibus
1335 503 1492 572 ipsis:

236 572 351 625 Nec
374 573 541 640 magis
564 572 622 623 id
644 588 788 624 nunc
811 577 906 638 est,
929 587 1026 624 nec
1051 572 1152 623 erit
1173 588 1313 637 mox,
1340 588 1499 639 quam
1520 571 1627 624 fuit
1650 576 1790 625 ante.

307 639 463 709 Ergo,
487 641 696 708 regibus
720 640 916 705 occisis,
941 639 1190 692 subversa
1205 639 1419 707 jacebat

237 709 470 762 Pristina
492 712 737 777 majestas
762 709 1006 760 soliorum
1029 714 1085 760 et
1109 716 1315 776 sceptra
1337 707 1595 777 superba;

235 778 310 831 Et
335 778 522 846 capitis
546 778 738 830 summi
761 777 1073 846 praeclarum
1095 776 1302 844 insigne
1326 782 1606 830 cruentum

235 845 349 899 Sub
372 847 590 915 pedibus
609 847 759 914 vulgi
781 862 1035 913 magnum
1059 845 1274 913 lugebat
1296 846 1569 898 honorem:

234 916 288 969 N
288 933 375 968 am
400 916 587 984 cupide
611 915 950 967 conculcatur
972 915 1129 966 nimis
1153 921 1277 967 ante
1301 919 1581 967 metutum.

308 984 411 1037 Res
435 985 614 1053 itaque
637 984 706 1036 ad
731 1001 989 1036 summam
1012 984 1191 1037 faecem
1219 982 1503 1053 turbasque
1526 982 1746 1048 redibat,
1776 986 1914 1035 1140

238 1053 529 1121 Imperium
554 1052 652 1104 sibi
676 1069 838 1121 quum
863 1069 924 1104 ac
948 1058 1272 1105 summatum
1295 1054 1514 1121 quisque
1537 1051 1767 1121 petebat.

235 1122 369 1174 Inde
391 1121 762 1193 magistratum
785 1122 980 1190 partim
1003 1122 1226 1175 docuere
1249 1139 1438 1188 creare,

232 1190 275 1243 J
276 1206 475 1259 uraque
497 1192 830 1257 constituere,
854 1195 918 1241 ut
941 1190 1140 1243 vellent
1161 1190 1367 1258 legibus
1391 1190 1500 1243 uti:

232 1258 374 1312 Nam
397 1276 562 1327 genus
584 1259 892 1325 humanum,
917 1259 1179 1311 defessum
1201 1259 1257 1311 vi
1280 1259 1446 1311 colere
1468 1276 1655 1326 aevum,

231 1326 318 1380 Ex
340 1328 634 1381 inimicitiis
657 1328 974 1395 languebat;
998 1344 1104 1395 quo
1126 1327 1295 1395 magis
1317 1327 1493 1395 ipsum

231 1395 431 1464 Sponte
454 1414 550 1449 sua
573 1396 763 1449 cecidit
787 1396 884 1449 sub
906 1396 1050 1464 leges
1074 1402 1322 1465 arctaque
1339 1397 1477 1464 jura.

231 1464 421 1518 Acrius
443 1483 512 1519 ex
533 1465 614 1519 ira
637 1465 777 1534 quod
800 1464 941 1518 enim
966 1482 1019 1518 se
1043 1465 1261 1534 quisque
1284 1465 1504 1535 parabat

231 1533 442 1599 Ulcisci‚
467 1553 625 1604 quam
647 1552 789 1588 nunc
813 1551 1115 1587 concessum
1138 1541 1218 1587 est
1239 1535 1445 1602 legibus
1469 1534 1657 1603 oequis3

231 1603 393 1655 Hanc
417 1603 483 1656 ob
504 1621 616 1656 rem
640 1611 719 1657 est
742 1603 977 1655 homines
1001 1609 1285 1672 pertaesum
1303 1603 1357 1655 vi
1380 1604 1547 1657 colere
1571 1621 1756 1657 aevum.

230 1671 386 1725 Unde
408 1678 580 1726 metus
603 1671 837 1725 maculat
859 1689 1135 1740 poenarum
1158 1672 1374 1740 praemia
1397 1672 1535 1727 vitae.
1771 1678 1906 1727 1150

231 1740 566 1794 circumretit
589 1742 731 1794 enim
754 1740 833 1793 vis
856 1748 1018 1809 atque
1040 1741 1239 1808 injuria
1262 1757 1535 1809 quemque,

229 1808 418 1878 Atque,
441 1810 584 1863 unde
607 1816 790 1863 exorta
812 1815 906 1876 est,
930 1810 1000 1863 ad
1024 1827 1146 1862 eum
1170 1809 1478 1878 plerumque
1500 1811 1748 1876 revertit3

228 1876 339 1930 Nec
363 1878 518 1931 facile
541 1884 620 1931 est
643 1878 908 1947 placidam
931 1896 992 1931 ac
1016 1885 1262 1947 pacatam
1286 1878 1474 1959 degere
1496 1880 1678 1948 vitam,

228 1946 334 2010 Qui
355 1947 520 2000 violat
542 1947 697 2000 factis
721 1949 1017 2000 communia
1038 1948 1237 2001 foedera
1259 1964 1418 2016 pacis.

225 2014 345 2068 Etsi
366 2015 510 2069 fallit
532 2016 673 2068 enim
697 2016 883 2068 divum
905 2034 1072 2084 genus
1096 2017 1390 2069 humanum
1427 2034 1506 2083 ue,

224 2081 489 2153 Perpetuo
513 2090 691 2138 tamen
714 2085 769 2136 id
793 2086 904 2138 fore
927 2086 1065 2138 clam
1087 2085 1321 2137 diffidere
1345 2086 1409 2137 de
1475 2091 1525 2138 t:

226 2151 435 2223 Quippe
458 2153 552 2206 ubi
577 2170 630 2205 se
653 2153 814 2206 multi
836 2172 930 2222 per
953 2154 1155 2206 somnia
1179 2171 1313 2222 saepe
1336 2154 1625 2222 loquenteS,

223 2220 336 2274 Aut
359 2222 536 2274 morbo
561 2222 857 2290 delirantes,
882 2229 1128 2291 protraxe
1150 2222 1402 2288 ferantur,

223 2289 296 2342 Et
319 2291 489 2344 celata
512 2291 608 2343 diu
628 2292 687 2343 in
710 2292 943 2343 medium
966 2296 1186 2360 peccata
1210 2291 1425 2343 dedisse.

292 2359 450 2412 Nunc
468 2377 587 2429 quae
603 2377 761 2412 causa
779 2360 938 2412 desim
957 2377 1050 2429 per
1062 2376 1281 2427 magnas
1297 2361 1518 2412 numina
1531 2364 1713 2427 gentes
1764 2363 1899 2412 1160

222 2427 572 2497 Provulgarit,
597 2435 653 2482 et
675 2447 888 2482 ararum
910 2428 1251 2498 compleverit
1273 2429 1442 2496 urbeS,

221 2496 670 2567 suscipiendaque
693 2498 891 2550 curarit
915 2498 1151 2550 solennia
1173 2515 1336 2564 sacra,

222 2566 352 2630 Ques
376 2583 519 2618 nunc
541 2566 599 2619 in
622 2567 828 2634 magnis
850 2567 1038 2619 florent
1065 2585 1212 2619 sacra
1234 2565 1378 2618 rebu’
1402 2565 1657 2633 locisque:

227 2635 375 2688 Unde
398 2636 560 2687 etiam
583 2653 724 2687 nunc
748 2641 827 2688 est
850 2636 1157 2688 mortalibus
1180 2636 1371 2687 insitus
1395 2634 1588 2700 horror,

220 2703 326 2769 Qui
348 2703 568 2757 delubra
591 2703 751 2756 deum
772 2721 909 2759 nova
932 2711 1043 2758 toto
1068 2705 1290 2756 suscitat
1312 2701 1424 2755 orbi
