2084 3000
707 160 924 214 LIBER
960 159 1300 225 QUARTUS.
1737 161 1837 211 109

161 263 231 319 Et
254 263 413 318 vituli
435 279 600 333 quum
623 262 952 316 membranas
975 262 1041 315 de
1065 278 1275 330 eorpore
1300 277 1505 314 summo

160 334 446 387 Nascentes
469 333 723 396 mittunt3
757 337 813 384 et
835 332 965 384 item
988 347 1151 400 quum
1174 330 1377 383 lubrica
1400 347 1608 399 serpens

162 403 326 455 Exuit
348 402 406 454 in
430 401 595 470 spinis
618 406 842 454 vestem:
878 417 1003 452 nam
1027 417 1165 469 saepe
1188 399 1426 452 videmus

163 471 382 525 Illorum
405 468 583 539 spoliis
607 468 778 537 vepris
802 468 1150 522 volitantibus
1172 474 1370 522 auctas.
1770 471 1839 520 60

165 541 290 605 Quae
352 539 564 592 uoniam
585 537 740 605 fiunt,
764 538 940 590 tenuis
964 554 1172 607 quoque
1196 537 1352 590 debet
1374 536 1548 607 imago

162 610 246 662 Ab
267 626 325 662 re
363 625 423 661 us
445 607 606 674 mitti,
631 623 833 659 summo
856 606 922 658 de
946 623 1007 659 eo
1100 623 1157 658 re
1178 623 1369 660 rerum.

163 678 316 745 Nam,
340 687 435 730 e'ur
456 675 553 728 illa
575 674 770 728 cadant
791 674 976 746 magis,
999 691 1033 727 a
1090 674 1348 743 rebusque
1370 675 1633 742 reoedant,

167 747 334 810 Quam
357 761 475 814 quae
498 744 680 797 tenuia
703 748 844 811 sunt,
868 742 1107 795 hiscendi
1130 749 1211 796 est
1232 744 1384 797 nulla
1406 750 1649 813 potestas.

166 814 464 867 Praesertim
488 829 652 881 quum
676 813 787 865 sint
810 813 869 865 in
893 812 1112 864 summis
1134 828 1348 881 corpora
1369 812 1525 865 rebus

166 883 342 936 Multa
363 883 586 949 minuta,
602 882 714 950 jaei
737 898 853 949 quae
877 881 1079 949 possint
1102 881 1283 934 ordine
1306 898 1499 948 eorum,

168 951 284 1013 Quo
306 951 522 1019 fuerint,
545 956 777 1005 veterem
799 955 855 1003 et
877 951 1060 1003 formae
1085 967 1287 1003 servare
1310 951 1566 1019 figuram3

166 1021 239 1073 Et
261 1019 431 1073 multo
455 1019 624 1087 eitius,
650 1025 848 1087 quanto
871 1019 1049 1071 minus
1071 1019 1365 1088 indupediri

166 1089 345 1142 Pauca
367 1094 583 1158 queunt,
608 1095 664 1142 et
687 1093 813 1141 sunt
834 1088 894 1140 in
916 1088 1090 1157 prima
1111 1088 1286 1141 fronte
1310 1089 1495 1143 locata.

235 1158 375 1210 Nam
399 1162 537 1210 certe
552 1156 664 1224 jaci
687 1163 848 1225 atque
872 1174 1134 1225 emergere
1149 1172 1169 1194 ⁸
1190 1157 1362 1211 multa
1385 1158 1638 1226 videmus,
1778 1158 1845 1212 70

165 1227 291 1280 Non
315 1226 483 1278 solum
506 1242 573 1277 ex
596 1225 721 1292 alto,
744 1225 1074 1295 penitusque,
1097 1231 1162 1278 ut
1185 1226 1419 1279 diximus
1442 1232 1584 1296 ante,

167 1295 367 1348 Verum
389 1295 455 1346 de
479 1295 695 1346 summis
718 1295 738 1345 i
777 1311 893 1347 sum
916 1311 1125 1364 quoque
1149 1312 1287 1364 saepe
1310 1295 1533 1349 colorem
1556 1314 1568 1350 :

166 1365 238 1417 Et
262 1363 421 1431 vulgo
445 1362 650 1417 faciunt
672 1363 729 1416 id
773 1368 898 1416 utea
920 1381 1171 1432 russaque
1195 1364 1326 1431 vela,

166 1433 238 1486 Et
261 1432 547 1500 ferrugina‚
571 1448 737 1501 quum
760 1432 967 1500 magnis
989 1433 1200 1486 intenta
1222 1433 1445 1486 theatris

166 1503 269 1555 Per
290 1502 454 1555 malos
478 1501 698 1569 vulgata
720 1501 996 1571 trabesque
1020 1504 1301 1556 trementia
1324 1502 1579 1557 flutant”:

166 1572 409 1640 Namque
431 1570 507 1623 ibi
529 1587 826 1625 consessum
849 1574 1030 1624 caveai
1056 1571 1248 1639 subter,
1273 1577 1327 1624 et
1352 1588 1559 1623 omnem

166 1640 356 1693 Scena'i
382 1640 622 1708 speciem,
644 1646 859 1709 patrum
880 1645 1231 1708 matrumque,
1254 1640 1572 1709 deorumque

167 1708 439 1776 Infieiunt‚
463 1716 765 1778 coguntque
788 1726 881 1762 suo
904 1708 1114 1762 fluitare
1138 1709 1332 1762 colore:

165 1778 238 1830 Et
263 1782 462 1845 quanto
485 1778 686 1831 eii-eum
707 1794 861 1846 mage
885 1783 1011 1831 sunt
1032 1778 1238 1831 inclusa
1261 1777 1459 1831 theatri

164 1846 380 1914 Moenia,
404 1851 518 1900 tam
538 1847 708 1915 magis
730 1846 845 1900 haee
866 1847 1013 1900 intus
1037 1848 1250 1917 perfusa
1270 1848 1446 1917 lepore
1778 1849 1848 1899 80

167 1915 359 1968 Omnia
383 1915 662 1982 eorrident,
686 1924 925 1985 correpta
947 1917 1068 1970 luce
1092 1917 1211 1971 diei.

163 1983 306 2051 Ergo
329 1983 496 2037 lintea
518 1984 584 2037 de
609 2002 812 2037 summo
837 2002 1002 2053 quum
1026 2002 1238 2055 corpore
1260 1986 1447 2039 fucum

166 2052 421 2121 Mittunt,
445 2052 640 2121 effigies
664 2070 871 2124 quoque
895 2053 1088 2107 debent
1110 2055 1321 2108 mittere
1344 2061 1529 2108 tenues

165 2121 272 2181 Res
296 2137 547 2190 quaeque:
584 2139 652 2175 ex
676 2140 878 2176 summo
902 2124 1148 2191 quoniam
1164 2124 1473 2192 jaculantur
1495 2128 1746 2192 uti-mque.

162 2190 304 2244 Sunt
327 2191 494 2259 igitur
509 2193 626 2259 jam
648 2193 937 2245 formarum
960 2193 1185 2259 vestigia
1207 2198 1366 2260 certa,

165 2259 295 2324 Quae
319 2260 479 2328 vulgo
501 2261 731 2314 volitant
753 2260 937 2314 subtili
958 2261 1185 2329 praedita
1204 2261 1310 2329 filo,

162 2328 277 2386 Nee
304 2329 618 2397 singillatim
641 2335 860 2399 possunt
885 2334 1084 2382 secreta
1107 2330 1288 2383 videri.

235 2397 508 2465 Praeterea,
533 2399 702 2451 omnis
726 2399 862 2465 odos,
887 2399 1082 2466 fumus,
1106 2416 1282 2468 vapor,
1306 2403 1466 2468 atque
1490 2398 1608 2451 alise
1631 2413 1715 2450 res

163 2465 487 2534 Consimiles,
510 2467 628 2520 ideo
652 2467 854 2520 diffusae
876 2467 1031 2521 rebus
1056 2466 1347 2534 abundant,

166 2534 255 2588 Ex
279 2535 390 2588 alto
414 2535 554 2605 quia,
578 2536 710 2588 dum
733 2536 954 2589 veniunt
977 2536 1317 2602 extrinsecus,
1344 2540 1472 2589 ortae
1784 2536 1855 2587 90

162 2603 497 2659 Scinduntur
519 2621 615 2674 per
636 2604 739 2657 iter
761 2604 957 2658 flexum
980 2624 995 2669 ;
1030 2622 1130 2659 nee
1152 2610 1299 2658 reeta
1319 2604 1527 2656 viarum

391 2700 410 2720 ⁸
431 2697 574 2748 jacere
592 2708 643 2735 ω
655 2697 862 2748 jaculum
892 2696 991 2737 ΜΒ.
1278 2693 1298 2721 ¹⁸
1329 2695 1510 2743 nircum
1540 2694 1637 2736 MS.
