2084 3000
748 189 965 243 LIBER
1000 191 1289 247 PRIMUS.

158 292 247 344 Ne
276 291 384 346 tibi
404 311 485 346 res
507 293 726 346 redeant
749 293 818 346 ad
841 293 1009 346 nilum
1032 293 1275 345 funditus
1299 310 1491 347 omnes.

160 362 317 424 Quin
343 363 533 430 potius,
557 363 656 414 tali
679 367 873 415 natura
895 363 1134 431 praedita,
1160 362 1399 430 quaedam

159 430 404 498 Corpora
427 432 748 495 constituas;
783 432 961 499 ignem
986 432 1029 482 si
1053 431 1188 483 forte
1212 431 1455 497 crearint,

162 498 334 552 Posse
357 500 554 567 eadem,
579 500 805 569 demptis
829 501 1024 569 paucis,
1050 500 1335 568 paucisque
1360 499 1590 568 tributis,

164 568 374 621 Ordine
396 575 618 638 mutam,
644 576 698 622 et
721 576 885 636 motu,
909 569 1081 622 facere
1105 569 1243 621 aeris
1267 585 1450 621 auras:

163 637 259 690 Sic
284 637 419 690 alias
441 639 560 691 aliis
583 637 739 691 rebus
760 640 1015 690 mutarier
1037 654 1229 689 omnes.

241 706 322 759 At
344 708 626 761 manifesta
648 708 825 777 palam
847 724 931 758 res
953 706 1172 772 indicat,
1198 706 1388 773 inquis,
1411 705 1469 757 in
1493 723 1652 760 auras
1685 680 1688 687 „

166 776 329 828 Aeris
352 793 382 828 e
405 781 546 829 terra
566 794 649 829 res
673 793 852 829 omnes
876 792 1103 828 crescere
1127 774 1329 843 aliqum

164 843 258 911 Et,
283 845 390 898 nisi
414 852 693 914 tempestas
716 845 960 912 indulget
984 850 1218 912 tempore
1239 843 1431 910 fausto,

167 913 437 967 Imbribus
460 921 513 967 et
537 913 659 968 tabe
682 913 980 966 nimborum
1003 912 1220 965 arbusta
1243 912 1496 965 vacillant
1515 931 1530 977 3

165 983 365 1052 Solque
389 1000 484 1035 sua
506 1001 601 1053 pro
623 990 774 1052 parte
797 983 956 1047 fovet,
979 981 1270 1050 tribuitque
1295 981 1516 1034 calorem
1539 999 1553 1045 3

168 1052 413 1105 Crescere
435 1069 541 1104 non
565 1053 766 1120 possint
789 1053 982 1119 fruges,
1007 1051 1238 1114 arbusta,
1262 1050 1570 1103 animantes.

168 1117 401 1188 Scilicet,
425 1127 480 1174 et
502 1122 607 1174 nisi
628 1138 723 1173 nos
748 1120 895 1173 cibus
919 1120 1097 1172 aridus
1121 1125 1175 1171 et
1199 1126 1349 1171 tener
1370 1118 1561 1172 humor

168 1189 423 1257 Adjuvet‚
446 1191 635 1243 amisso
650 1191 767 1257 jam
791 1206 1017 1258 corpore,
1041 1189 1155 1241 vita
1179 1205 1385 1256 quoque
1402 1189 1572 1241 omnis

171 1258 431 1310 Omnibus
455 1276 484 1311 e
508 1259 681 1312 nervis
705 1264 863 1326 atque
888 1258 1089 1311 ossibus
1112 1257 1431 1310 exsoluatur.

171 1326 493 1395 Adjutamur
517 1328 656 1380 enim
682 1327 846 1380 dubio·
901 1326 1049 1379 rocul
1072 1332 1232 1396 atque
1255 1326 1449 1379 alimur
1470 1343 1570 1380 nos

173 1396 342 1448 Certis
366 1395 433 1449 ab
455 1397 625 1463 rebus,
651 1397 807 1449 certis
888 1397 948 1448 ‘ae
971 1401 1133 1464 atque
1157 1396 1275 1448 aliae
1299 1412 1396 1448 res.

172 1464 453 1534 Nimirum,
479 1464 605 1535 quia
627 1466 785 1519 multi
807 1466 974 1526 modis
999 1465 1299 1518 communia
1320 1464 1510 1517 multis

173 1534 472 1589 Multarum
493 1553 668 1588 rerum
693 1534 751 1587 in
774 1535 930 1588 rebus
953 1534 1241 1603 primordia
1262 1534 1437 1586 mixta

174 1603 324 1671 Sunt,
348 1604 467 1657 ideo
491 1603 650 1657 variis
674 1605 832 1657 variae
854 1622 937 1657 res
958 1604 1119 1656 rebus
1140 1604 1374 1656 aluntur.

175 1674 349 1741 Atque
372 1673 555 1726 eadem
577 1674 758 1740 magni
781 1674 943 1725 refert
965 1672 1252 1741 primordia
1275 1685 1416 1739 saepe

176 1742 306 1795 Cum
329 1743 519 1811 quibus
543 1747 598 1794 et
621 1743 767 1810 quali
790 1743 1024 1810 positura
1049 1742 1434 1805 contineantur,

174 1808 247 1863 Et
269 1828 397 1879 quos
420 1812 561 1864 inter
584 1828 638 1863 se
663 1811 791 1863 dent
813 1817 989 1863 motus
1013 1811 1398 1880 accipiantque.

1790 201 1862 256 27

1753 500 1859 554 806

1748 1193 1853 1243 810

175 1879 413 1961 Namque
437 1880 619 1933 eadem
643 1881 849 1946 coelum,
872 1897 1032 1947 mare,
1057 1886 1238 1946 terras,
1261 1879 1499 1945 flumina,
1523 1878 1685 1933 solem
1746 1885 1851 1935 820

176 1949 544 2014 constituunt;
579 1949 762 2002 eadem
786 1949 979 2017 fruges,
1004 1949 1234 2014 arbusta,
1259 1948 1583 2002 animantes:

177 2016 372 2070 Verum
394 2018 514 2071 aliis
537 2018 743 2087 alioque
766 2018 920 2071 modo
944 2019 1231 2070 commixta
1253 2023 1546 2070 moventur.

245 2086 385 2151 Quin
408 2087 569 2139 etiam
592 2086 787 2155 passim
809 2089 1001 2139 nostris
1024 2087 1082 2138 in
1107 2086 1340 2140 versibus
1362 2086 1491 2154 ipsis

177 2155 349 2208 Multa
372 2155 632 2208 elementa
655 2156 815 2222 vides,
839 2156 1023 2208 multis
1048 2156 1347 2208 communia
1371 2154 1556 2222 verbis,

179 2225 347 2289 Quum
371 2230 548 2277 tamen
572 2225 712 2277 inter
736 2242 790 2277 se
816 2241 995 2276 versus
1019 2242 1082 2277 ac
1107 2222 1266 2277 verba
1288 2240 1497 2276 neeesse
1520 2230 1601 2277 est

178 2293 459 2346 Confiteare
484 2299 539 2345 et
560 2311 617 2347 re
641 2298 696 2346 et
720 2293 897 2346 sonitu
921 2294 1117 2345 distare
1142 2293 1382 2346 sonanti:

178 2362 401 2415 Tantum
425 2361 683 2415 elementa
706 2368 924 2431 queunt,
949 2367 1251 2431 permutato
1274 2362 1455 2415 ordine
1480 2361 1603 2414 solo,

178 2432 249 2484 At
270 2448 442 2483 rerum
465 2448 583 2498 quae
610 2438 734 2484 sunt
757 2432 1062 2501 primordia,
1086 2431 1240 2500 plura
1264 2430 1514 2484 adhibere

180 2499 413 2568 Possunt,
438 2501 580 2553 unde
605 2507 801 2569 queant
826 2500 985 2553 variae
1008 2518 1091 2552 res
1116 2516 1338 2568 quaeque
1363 2498 1541 2550 creari.
1603 2513 1608 2518 ·
