2084 3000
214 161 284 211 30
846 159 901 212 T.
928 157 1263 212 LUCRE'I'II

215 274 500 327 Arboribus
527 269 699 326 vicina
722 274 998 326 cacumina
1021 289 1227 325 summa
1250 277 1494 326 terantur

218 343 365 395 Inter
388 360 457 408 se,
481 343 670 395 validis
693 342 865 395 faeere
888 343 946 394 id
971 341 1279 409 cogentibus
1302 342 1528 409 Austris,

215 412 395 464 Donec
416 412 681 463 fulserunt
706 411 928 462 flammae
952 411 1158 477 fulgore
1182 416 1383 462 coorto:

217 480 443 546 Scilicet,
467 487 521 532 et
545 497 651 532 non
674 486 754 531 est
777 479 936 546 lignis
961 485 1139 531 tamen
1164 479 1355 531 insitus
1379 478 1535 546 ignis,

218 549 415 600 Verum
440 548 638 600 semina
664 553 788 599 sunt
811 548 1010 600 ardoris
1033 547 1220 609 multa,
1245 548 1463 600 terendo

219 617 347 679 Quae
370 634 537 685 quum
560 617 869 683 confluxere,
896 621 1075 669 creant
1098 616 1343 669 incendia
1367 616 1526 671 silvis,

219 686 370 748 Quod
395 686 439 737 si
461 686 606 738 facta
627 686 762 738 foret
786 685 930 739 silvis
954 685 1259 738 abscondita
1281 685 1509 751 flamma,
1527 714 1532 719 -

221 753 338 807 Non
361 760 571 823 possent
594 755 764 807 ullum
789 755 1030 823 tempusb
1056 753 1271 806 celarier
1293 754 1441 820 ignes
1464 770 1477 804 :

223 821 543 896 Gonficerent
566 824 726 891 vulgo
750 823 923 889 silvas,
945 822 1163 875 arbusta
1185 826 1491 873 cremarent.

291 898 330 949 J
331 913 485 949 amne
509 895 654 950 vides
677 895 855 959 igitur,
882 893 1039 960 paulo
1064 892 1204 960 quod
1228 892 1460 943 diximus
1483 895 1622 957 ante,

224 964 506 1030 Permagni
528 961 735 1026 referre,
762 961 942 1014 eadem
967 961 1251 1028 primordia
1276 977 1416 1027 saepe

224 1033 358 1085 Cum
380 1032 587 1101 quibus,
611 1036 667 1083 et
690 1029 834 1098 quali
858 1030 1095 1097 positura
1118 1029 1504 1094 contineantur,

225 1101 297 1154 Et
320 1117 449 1170 quos
473 1100 612 1152 inter
636 1116 691 1152 se
714 1099 843 1151 dent
864 1104 1056 1162 motus,
1081 1098 1474 1167 accipiantque:

226 1171 403 1238 Atque
427 1170 610 1221 eadem
633 1168 793 1237 paulo
811 1168 950 1220 inter
975 1185 1028 1219 se
1052 1175 1261 1219 mutata
1285 1183 1460 1218 creare

224 1239 385 1307 Ignes
410 1256 440 1291 e
462 1238 637 1305 lignis,
663 1253 766 1306 quo
789 1242 945 1305 pacto
969 1236 1129 1289 verba
1153 1252 1359 1304 quoque
1383 1235 1499 1302 ipsa

227 1309 377 1361 Inter
400 1325 453 1360 se
477 1307 636 1375 paulo
661 1307 882 1358 mutatis
907 1311 1033 1358 sunt
1058 1305 1346 1370 elementis,
1452 1332 1457 1337 -

227 1378 407 1442 Quum
429 1377 578 1444 ligna
601 1381 759 1443 atque
782 1375 930 1442 ignes
954 1375 1207 1427 distincta
1231 1390 1356 1427 voce
1378 1375 1633 1425 notemus.

296 1446 552 1515 Denique,
569 1447 685 1515 jam
708 1460 1050 1514 quaecumque
1073 1444 1131 1497 in
1154 1443 1309 1495 rebus
1333 1441 1501 1493 cernis
1525 1440 1736 1511 apertis,

227 1515 284 1569 Si
307 1516 422 1569 fieri
444 1533 551 1569 non
574 1532 724 1584 posse
747 1521 921 1583 putas,
945 1514 1077 1582 quin
1101 1513 1349 1565 materiai

228 1586 452 1654 Corpora
473 1584 732 1638 consimili
755 1589 947 1636 natura
970 1583 1196 1651 praedita
1217 1581 1402 1649 fingas,

229 1653 347 1707 Hac
370 1654 574 1707 ratione
597 1652 697 1707 tibi
716 1657 939 1722 pereunt
961 1651 1248 1720 primordia
1270 1666 1475 1703 rerum:

163 1780 169 1786 ,
228 1722 363 1789 Fiet,
390 1724 471 1776 uti
494 1724 605 1776 risu
627 1722 854 1775 tremulo
879 1738 1131 1773 concussa
1155 1719 1487 1785 cachinnent,

227 1791 299 1844 Et
322 1792 568 1860 lacrymis
592 1791 741 1843 salsis
764 1790 1074 1846 humectent
1097 1807 1188 1842 ora
1210 1805 1488 1856 genasque.

1806 482 1913 529 900

1793 1165 1900 1215 910

296 1860 455 1912 Nunc
478 1876 592 1940 age,
612 1859 750 1927 quod
775 1864 1024 1928 superest,
1048 1875 1313 1926 cognosce,
1328 1864 1382 1910 et
1406 1856 1599 1909 elarius
1622 1855 1775 1910 audi:
1800 1856 1906 1906 920

227 1927 340 1981 Nec
363 1945 448 1980 me
471 1928 636 1983 animi
658 1927 815 1995 fallit,
840 1943 1000 2009 quam
1024 1929 1132 1981 sint
1155 1927 1402 1989 obscura3
1438 1926 1531 1979 sed
1554 1927 1664 1978 acri

229 1997 493 2049 Percussit
517 1997 699 2064 thyrso
723 1996 896 2052 laudis
921 2014 1036 2065 spes
1059 2013 1255 2065 magna
1276 2012 1455 2048 meum
1479 2012 1581 2062 cor,

227 2066 301 2119 Et
324 2066 481 2118 simul
505 2066 727 2119 incussit
751 2083 963 2119 suavem
986 2066 1063 2121 mi
1085 2066 1143 2118 in
1170 2070 1353 2133 pectus
1376 2082 1607 2119 amorem

230 2134 532 2190 Musarum:
567 2152 669 2203 quo
693 2152 836 2186 nunc
860 2135 1145 2189 instinctus
1168 2139 1345 2191 mente
1370 2134 1573 2201 vigenti

178 2255 184 2259 .
227 2203 366 2255 Avia
390 2203 658 2260 Pieridum
682 2220 898 2272 peragro
921 2203 1051 2271 loca,
1074 2203 1274 2258 nullius
1298 2209 1424 2256 ante

229 2272 379 2325 Trita
402 2272 534 2325 solo:
564 2274 722 2340 juvat
745 2273 975 2340 integros
1000 2273 1245 2325 accedere
1268 2271 1455 2339 fontes,

228 2341 407 2410 Atque
430 2341 669 2405 haurire;
697 2343 956 2409 juvatque
979 2358 1140 2395 novos
1164 2341 1439 2408 decerpere
1461 2340 1627 2405 flores,

230 2410 606 2479 Insignemque
627 2426 744 2461 meo
769 2410 932 2477 capiti
956 2416 1136 2478 petere
1158 2409 1283 2460 inde
1307 2426 1565 2477 coronam,

231 2478 387 2530 Unde
410 2478 556 2548 prius
579 2478 717 2530 nulli
741 2478 969 2529 velarint
993 2483 1103 2528 tem
1172 2493 1232 2529 ra
1254 2477 1439 2530 Musae.

232 2544 487 2612 Primum,
511 2546 650 2614 quod
674 2545 880 2610 magnis
904 2545 1063 2595 doceo
1125 2561 1153 2594 e
1176 2543 1343 2610 rebus,
1369 2551 1423 2596 et
1447 2547 1607 2602 arctis

238 2613 570 2681 Religionum
593 2613 832 2670 animum
855 2611 1005 2663 nodis
1030 2611 1294 2664 exsolvere
1317 2629 1504 2680 pergo:

901 2699 920 2729 ὓ
950 2703 1118 2751 lumem
1148 2703 1245 2744 MS.

1806 2549 1909 2601 930
