2084 3000
588 650 663 710 Te
720 651 1207 710 LUCRETII
1271 654 1506 711 CARI

1004 817 1073 851 nt:

414 947 922 1038 RERUM
1057 950 1663 1043 NATURA

715 1148 932 1202 LIBER
966 1149 1348 1208 SECUNDUS.

904 1308 1165 1324 mmm

190 1429 398 1498 Suum,
421 1432 555 1484 mari
578 1451 772 1503 magno
796 1434 1134 1487 turbantibus
1159 1452 1368 1505 aequora
1391 1435 1576 1502 ventiS,

190 1500 237 1551 E
261 1507 402 1553 terra
423 1519 676 1570 magnum
701 1504 916 1557 alterius
941 1511 1176 1574 spectare
1199 1504 1459 1567 laborem3

188 1569 326 1636 Non,
353 1571 480 1639 quia
501 1573 684 1624 vexari
708 1589 1026 1641 quemquam
1051 1580 1130 1626 est
1147 1573 1389 1641 jucunda
1412 1571 1670 1640 voluptas,

190 1636 308 1705 Sed,
332 1639 524 1707 quibus
548 1640 659 1708 ipse
682 1642 836 1694 malis
861 1659 1054 1709 careas,
1079 1642 1206 1710 quia
1229 1658 1437 1693 eernere
1462 1657 1621 1694 suave
1645 1644 1740 1695 est.

189 1705 292 1758 Per
314 1724 525 1789 campos
547 1709 822 1777 instructa,
848 1715 945 1763 tua
969 1711 1082 1763 sine
1106 1716 1255 1780 parte
1278 1708 1477 1778 pericli,

188 1774 362 1829 Suave
385 1783 561 1842 etiam,
586 1776 713 1830 belli
736 1780 1027 1832 certamina
1049 1796 1243 1847 magna
1266 1778 1418 1831 tueri.

187 1843 291 1896 Sed
314 1844 393 1897 nil
417 1845 626 1897 dulcius
649 1852 743 1914 est,
767 1848 901 1900 bene
926 1865 1086 1916 quam
1108 1847 1315 1900 munita
1337 1852 1517 1900 tenere

186 1912 350 1966 Edita
373 1914 614 1967 doctrina
638 1916 938 1984 sapientum
963 1916 1164 1984 templa
1187 1933 1392 1977 serena3

184 1980 465 2049 Despieere
489 1984 631 2035 unde
655 2001 815 2052 queas
839 1985 984 2052 alim,
1008 1985 1307 2053 passimque
1331 1984 1507 2038 videre

186 2048 388 2116 Errare,
413 2056 577 2118 atque
601 2052 743 2104 viam
767 2054 1008 2121 palantes
1032 2070 1261 2122 quaerere
1284 2053 1427 2121 vitoe,

186 2117 398 2171 Gertare
420 2119 649 2187 ingenie,
676 2123 990 2175 contendere
1012 2121 1306 2188 nobilitate,

184 2185 378 2240 Noctes
401 2194 564 2256 atque
588 2190 699 2242 dies
722 2191 827 2242 niti
851 2196 1134 2259 praestante
1157 2190 1333 2243 labore

184 2254 270 2307 Ad
294 2272 522 2309 summas
547 2275 810 2326 emergere
834 2274 972 2326 open,
994 2275 1274 2327 rerumque
1298 2259 1473 2327 potiri.

509 2372 721 2427 Derisio
744 2372 974 2443 satyrica
998 2372 1234 2427 stultitiae
1256 2373 1513 2428 kumanoe.

252 2454 297 2507 Ο
320 2454 535 2508 miseras
558 2456 833 2510 hominum
855 2461 1090 2512 mentes!
1129 2475 1159 2510 o
1183 2468 1392 2526 pectora
1416 2461 1580 2512 eaeoa!

184 2522 441 2586 Qualibus
465 2525 523 2575 in
547 2525 776 2578 tenebris
801 2526 924 2579 vitae
948 2525 1266 2593 quantisque
1290 2525 1497 2594 periclis

180 2591 409 2660 Degitur
430 2592 530 2644 hoc
553 2593 670 2659 oevi,
697 2594 1062 2661 quodcumque
1087 2597 1193 2647 est!
1231 2593 1419 2644 Nonne
1437 2591 1662 2654 videtis;

180 2659 275 2714 Nil
295 2660 445 2713 aliud
469 2660 569 2714 sibi
592 2667 842 2715 naturam
865 2661 1075 2728 latrare,
1098 2660 1203 2713 nisi
1224 2666 1302 2727 ut,
1322 2659 1408 2711 eui

1689 2030 1862 2104 ἰο
