2084 3000
232 190 336 244 176
855 191 911 242 Τ.
948 189 1282 242 LUGRE'I'II

227 290 330 343 Sed
352 290 489 342 bona
511 306 803 357 magnaque
825 306 945 357 pars
970 288 1248 342 servabant
1271 288 1468 341 foedera
1492 288 1654 352 casti;

227 359 340 411 Aut
363 377 530 426 genus
553 360 844 411 humanum
860 359 976 425 jam
999 364 1118 410 tum
1139 358 1276 409 foret
1299 374 1452 409 omne
1475 361 1827 425 peremptum,

228 427 342 480 Nec
365 429 622 495 potuisset
644 427 818 479 adhuc
841 427 1125 494 perducere
1149 426 1304 478 saecla
1326 442 1572 493 propago.

298 496 374 548 At
397 496 566 548 varios
590 495 784 561 linguae
811 494 1012 546 sonitus
1037 500 1231 546 natura
1256 494 1465 560 subegit

229 563 461 630 Mittere,
487 571 541 615 et
563 563 769 615 utilitas
794 563 1051 631 expressit
1074 564 1287 614 nomina
1305 579 1508 614 rerum:

229 632 349 685 Non
372 633 479 685 alia
500 632 655 699 longe
678 632 896 698 ratione,
920 636 1082 698 atque
1105 633 1220 699 ipsa
1244 632 1455 683 videtur

229 700 539 754 Protrahere
562 701 629 753 ad
653 706 859 769 gestum
881 716 1070 768 pueros
1093 701 1323 752 infantia
1346 700 1568 766 linguae3
1770 704 1913 754 1030

231 770 407 834 Quum
429 770 575 837 facit,
599 777 664 822 ut
688 769 868 837 digito,
894 786 1011 837 quae
1037 769 1145 820 sint
1168 769 1461 836 praesentia,
1486 772 1795 823 monstrent.

230 838 406 892 Sentit
430 839 571 891 enim
594 839 702 891 vim
726 839 943 907 quisque
967 854 1130 903 suam,
1156 854 1314 903 quam
1338 837 1500 905 possit
1524 836 1699 889 abuti:

231 907 438 960 Cornua
460 913 587 960 nata
610 907 755 975 prius
778 907 947 958 vitulo
972 923 1132 974 quam
1155 906 1415 958 frontibus
1439 910 1662 972 exstent,

232 975 347 1028 Illis
370 976 536 1028 iratus
559 976 696 1043 petit
717 981 878 1042 atque
901 975 1137 1026 infensus
1160 975 1403 1041 inurget:

231 1044 307 1096 At
330 1045 495 1096 catuli
518 1044 893 1113 pantherarum
917 1044 1223 1111 scymnique
1244 1043 1471 1109 leonum,

232 1112 510 1180 Unguibus
533 1128 595 1163 ac
618 1111 837 1179 pedibus
854 1113 969 1179 jam
992 1119 1111 1164 tum
1133 1128 1415 1178 morsuque
1437 1114 1750 1179 repugnant,

233 1181 341 1233 vix
363 1182 526 1232 etiam
548 1195 713 1247 quum
737 1185 864 1231 sunt
887 1180 1071 1232 dentes
1093 1197 1400 1248 unguesque
1424 1182 1602 1232 creati.

232 1249 477 1301 Alituum
499 1265 650 1317 porro
674 1265 840 1316 genus
862 1248 961 1301 alis
985 1266 1137 1301 omne
1162 1250 1399 1301 videmus

233 1317 433 1384 Fidere,
458 1325 514 1369 et
536 1335 570 1369 a
592 1317 778 1386 pennis
801 1318 1088 1369 tremulum
1110 1324 1287 1386 petere
1311 1317 1645 1371 auxiliatum.

234 1386 460 1439 Proinde
484 1392 684 1455 putare,
708 1386 938 1454 aliquem
961 1392 1078 1438 tum
1102 1387 1316 1439 nomina
1339 1386 1664 1439 distribuisse
1770 1389 1911 1440 1040

235 1455 427 1524 Rebus,
451 1461 506 1510 et
529 1456 653 1509 inde
676 1456 911 1508 homines
936 1455 1178 1508 didicisse
1201 1456 1454 1509 vocabula
1477 1456 1662 1524 prima,

233 1526 481 1594 Desipere
503 1532 609 1579 est:
645 1542 770 1578 nam
793 1542 886 1577 cur
909 1526 997 1577 hic
1019 1533 1193 1594 posset
1218 1532 1409 1578 cuncta
1431 1532 1614 1578 notare

236 1595 479 1662 Vocibus,
503 1600 557 1646 et
581 1595 749 1646 varios
774 1595 975 1646 sonitus
998 1595 1238 1646 emittere
1261 1595 1472 1662 linguae,

235 1664 488 1732 Tempore
510 1663 691 1715 eodem
712 1663 804 1715 alii
828 1664 999 1715 facere
1023 1664 1081 1715 id
1104 1680 1210 1715 non
1236 1663 1409 1731 quisse
1432 1662 1722 1732 putentur?

234 1731 509 1800 Praeterea,
534 1733 578 1784 si
602 1750 708 1785 non
731 1732 825 1784 alii
848 1749 1054 1800 quoque
1077 1732 1290 1784 vocibus
1314 1732 1397 1784 usi

237 1801 386 1854 Inter
409 1818 464 1853 se
486 1801 712 1867 fuerant,
738 1801 878 1852 unde
901 1801 1064 1853 insita
1085 1801 1298 1852 notities
1324 1806 1417 1853 est.

236 1870 453 1923 Utilitas
477 1869 651 1935 etiam,
676 1869 818 1921 unde
843 1870 969 1921 data
992 1875 1074 1921 est
1097 1870 1222 1922 huic
1245 1870 1415 1937 prima
1438 1874 1682 1938 potestas,

237 1938 377 2002 Quid
401 1937 560 1989 vellet
582 1938 766 2003 facere,
789 1944 854 1989 ut
877 1938 1032 1990 sciret
1058 1939 1334 2006 animoque
1358 1939 1593 1991 videret?

236 2007 428 2074 Cogere
450 2006 579 2056 item
602 2005 775 2073 plures
799 2022 952 2072 unus,
979 2007 1246 2074 victosque
1271 2007 1480 2059 domare

235 2075 355 2128 Non
378 2079 598 2142 poterat,
622 2090 796 2124 rerum
821 2079 882 2125 ut
905 2075 1194 2141 perdiscere
1218 2076 1431 2127 nomina
1454 2075 1679 2139 vellent3
1773 2079 1915 2128 1050

234 2143 346 2196 Nec
368 2143 570 2194 ratione
595 2142 777 2194 docere
802 2143 925 2209 ulla,
952 2145 1272 2211 suadereque
1297 2145 1481 2210 surdis,

238 2211 378 2276 Quid
403 2211 472 2263 sit
497 2228 626 2279 opus
650 2211 820 2275 fact03
854 2212 1036 2264 faciles
1062 2230 1230 2280 neque
1255 2213 1396 2264 enim
1419 2218 1742 2281 paterentur,

233 2281 345 2334 Nec
367 2281 568 2332 ratione
593 2280 703 2332 ulla
726 2280 824 2332 sibi
847 2282 1047 2333 ferrent
1070 2281 1297 2349 amplius
1321 2299 1473 2334 aures

235 2350 390 2403 Vocis
413 2350 676 2401 inauditos
702 2349 903 2401 sonitus
927 2349 1215 2402 obtundere
1239 2350 1450 2402 frustra.

303 2418 587 2484 Postremo,
612 2417 741 2484 quid
765 2418 823 2468 in
847 2418 947 2469 hac
969 2418 1208 2469 mirabile
1231 2423 1505 2486 tantopere
1528 2424 1608 2470 est
1630 2436 1702 2486 re,

233 2484 288 2538 Si
313 2503 479 2553 genus
502 2486 808 2550 humanum,
833 2486 920 2536 cui
944 2502 1047 2537 vox
1072 2493 1126 2537 et
1148 2487 1334 2552 lingua
1357 2488 1573 2554 vigeret,

233 2553 337 2604 Pro
362 2553 505 2605 vario
529 2571 683 2605 sensu
708 2554 877 2604 varias
900 2569 981 2604 res
1005 2570 1130 2605 voce
1154 2560 1390 2616 notaret3

234 2620 411 2682 Quum
431 2622 656 2699 pecudes
679 2627 853 2684 mutoe,
881 2636 1043 2686 quum
1069 2621 1295 2687 denique
1320 2622 1474 2674 saecla
1496 2623 1728 2677 ferarum

231 2686 523 2739 Dissimiles
546 2690 746 2741 soleant
769 2705 917 2739 voces
941 2689 1214 2756 variasque
1238 2690 1385 2755 ciere,
