2084 3000
724 189 940 244 LIBER
976 191 1263 244 PRIMUS.
1769 193 1839 242 29

139 291 403 360 Ossaque,
428 297 483 345 et
507 292 720 344 omnino
744 309 903 345 venas
932 297 1213 361 partesque
1236 290 1465 354 cruoris;

138 361 288 428 Fiet,
315 362 401 413 uti
424 361 573 413 cibus
594 360 763 412 omnis
787 367 841 413 et
865 362 1058 428 aridus,
1085 370 1140 413 et
1162 360 1334 429 liquor
1356 360 1486 429 ipse,

139 430 232 481 Ex
257 430 573 498 alienigenis
597 429 750 482 rebus
775 437 1010 482 constare
1034 436 1306 498 putentur,

141 498 373 551 Ossibus
394 505 447 551 et
472 499 647 551 nervis
668 499 920 567 venisque
942 505 998 551 et
1022 499 1279 567 sanguine
1303 498 1490 551 mixta.

217 567 500 634 Praeterea,
525 583 867 636 quaecumque
885 585 914 620 e
937 574 1080 620 terra
1103 585 1317 636 corpora
1340 572 1600 634 crescunt,

142 635 205 689 Si
230 642 362 688 sunt
385 637 443 687 in
466 636 633 702 terris,
657 642 852 689 terram
875 642 1114 688 constare
1136 653 1344 688 necesse
1367 641 1449 688 est

141 705 235 757 Ex
260 704 587 773 alienigenis,
613 722 733 773 quae
753 706 906 758 terris
930 705 1255 757 exoriuntur.
1731 707 1835 758 870

144 773 402 827 Transfer
424 775 569 840 item,
592 774 814 826 totidem
838 774 1009 828 verbis
1033 779 1186 826 utare
1209 772 1419 825 licebit:

146 842 219 894 In
243 842 407 910 lignis
431 843 474 894 si
498 842 714 896 flamma
736 843 884 910 latet,
908 842 1208 910 fumusque,
1234 842 1485 909 cinisque,

144 911 270 964 ¹*Ex
294 910 603 979 alienigenis
626 912 915 964 consistant
938 912 1087 980 ligna
1109 927 1317 964 necesse
1341 917 1432 964 est.

222 980 511 1049 Linquitur
533 980 621 1033 hic
645 981 822 1033 tenuis
845 980 1097 1033 latitandi
1121 980 1273 1049 copia
1295 980 1552 1049 quaedam,

149 1049 220 1102 Id
243 1050 387 1118 quod
410 1050 751 1117 Anaxagoras
775 1050 873 1101 sibi
898 1050 1090 1114 sumit;
1125 1056 1189 1102 ut
1212 1049 1453 1102 omnibus
1477 1066 1656 1103 omnes

151 1118 259 1171 Res
284 1123 442 1187 putat
464 1119 736 1171 immixtas
759 1117 915 1171 rebus
937 1118 1165 1185 latitare,
1191 1119 1280 1171 sed
1305 1118 1440 1171 illud

150 1188 423 1257 Apparere
445 1204 628 1254 unum,
653 1190 802 1256 cujus
827 1188 935 1240 sint
958 1187 1132 1256 pluria
1154 1188 1342 1255 mixta,

151 1256 226 1309 Et
248 1257 420 1325 magis
443 1257 501 1309 in
525 1262 752 1326 promtu,
776 1257 1054 1326 primaque
1077 1257 1132 1309 in
1156 1257 1330 1309 fronte
1353 1256 1554 1311 locata:

154 1326 310 1390 Quod
333 1332 512 1379 tamen
535 1342 569 1378 a
592 1342 717 1379 vera
738 1326 894 1394 longe
915 1326 1120 1379 ratione
1140 1325 1412 1395 repulsum
1434 1333 1528 1379 est.

154 1394 512 1447 Conveniebat
534 1394 690 1459 enim,
713 1395 892 1463 fruges
912 1411 1121 1464 quoque
1145 1411 1296 1463 soepe,
1320 1395 1531 1462 minaci,
1732 1397 1837 1447 880

156 1463 361 1517 Robore
384 1480 506 1517 cum
528 1463 646 1516 saxi
668 1463 786 1516 fran
827 1466 1006 1533 untur,
1027 1465 1241 1518 mittere
1267 1463 1479 1531 signum

156 1534 455 1601 Sanguinis,
478 1538 573 1586 aut
595 1532 762 1601 aliqui
835 1539 1015 1586 nostro
1036 1551 1155 1602 quae
1179 1550 1390 1601 corpore
1413 1533 1659 1585 aluntur:

160 1604 338 1668 Quum
359 1602 591 1671 lapidem
615 1602 674 1654 in
696 1602 927 1672 lapidem
950 1603 1184 1668 terimus,
1208 1618 1423 1653 manare
1447 1618 1696 1654 cruorem.

160 1671 428 1725 Consimili
451 1671 655 1723 ratione
678 1671 865 1724 herbas
888 1687 1097 1740 quoque
1121 1686 1259 1738 saepe
1282 1668 1516 1738 decebat,

159 1741 232 1794 Et
254 1741 426 1793 laticis
451 1739 630 1792 dulces
653 1746 836 1808 guttas
860 1740 1124 1809 similique
1149 1755 1330 1807 sapore

160 1808 389 1877 Mittere,
412 1809 524 1861 lani
560 1825 662 1861 erae
687 1810 867 1878 quales
891 1815 1018 1862 sunt
1043 1808 1199 1861 ubere
1222 1807 1404 1861 lactis:

163 1879 385 1946 Scilicet,
409 1885 463 1931 et
486 1894 523 1945 g
544 1878 654 1930 ebis
677 1884 935 1930 terrarum
960 1894 1097 1946 saepe
1120 1877 1293 1930 friatis

163 1948 459 2000 Herbarum
482 1963 676 2014 genera
697 1953 753 1999 et
773 1948 953 2015 fruges
976 1947 1292 2015 frondesque
1315 1945 1483 1999 videri

162 2016 463 2085 Dispertita,
488 2031 551 2068 ac
573 2016 631 2067 in
654 2022 848 2070 terram
871 2015 1084 2069 latitare
1107 2015 1342 2079 minute;

164 2086 439 2152 Postremo,
458 2086 516 2136 in
540 2085 699 2152 lignis
722 2086 950 2137 cinerem
972 2085 1284 2152 fumumque
1306 2083 1490 2150 videri,
1730 2087 1835 2135 890

166 2155 338 2218 Quum
360 2154 638 2222 praefracta
659 2154 848 2221 forent,
872 2153 1124 2222 ignesque
1147 2153 1313 2206 latere
1336 2152 1582 2205 minutos.

167 2224 394 2287 Quorum
416 2223 494 2275 nil
517 2222 632 2274 fieri
656 2223 904 2291 quoniam
928 2223 1213 2275 manifesta
1236 2222 1388 2273 docet
1410 2238 1508 2287 res,

167 2293 302 2346 Scire
323 2292 463 2359 licet,
487 2308 594 2343 non
618 2308 728 2343 esse
750 2291 810 2343 in
831 2291 986 2343 rebus
1008 2308 1091 2343 res
1115 2291 1194 2343 ita
1215 2291 1439 2342 mixtas:

168 2361 358 2414 Verum
382 2361 582 2413 semina
602 2360 930 2413 multimodis
953 2360 1202 2412 immixta
1224 2359 1388 2412 latere

168 2430 453 2484 Multarum
475 2446 652 2483 rerum
675 2429 732 2481 in
756 2429 912 2482 rebus
935 2428 1235 2481 communia
1257 2428 1466 2479 debent.

234 2499 304 2553 At
326 2514 461 2568 saepe
484 2499 542 2550 in
565 2498 773 2566 magnis
794 2498 859 2550 fit
882 2497 1165 2564 montibus,
1189 2496 1381 2564 inquis,
1408 2501 1472 2546 ut
1491 2494 1623 2547 altis

223 2607 240 2628 ⁸
264 2602 498 2653 Sequuntur
516 2601 561 2639 in
582 2600 678 2639 ΜΒ.
698 2612 843 2639 versus
861 2599 962 2648 duo,

391 2659 421 2680 “
435 2657 619 2696 Praetera
637 2655 763 2695 tenu·
782 2666 875 2705 qnae
894 2664 1066 2702 corpora
1085 2662 1248 2700 cunque
1267 2650 1360 2695 alit,
1379 2652 1524 2698 auget,

433 2712 503 2752 Ex
518 2711 781 2763 alienigenis,
799 2721 891 2759 qun
910 2707 1034 2759 lignis
1056 2704 1335 2744 eroriuntnr.”
