<?xml version="1.0" encoding="UTF-8"?>
<!DOCTYPE html PUBLIC "-//W3C//DTD XHTML 1.0 Transitional//EN"
    "http://www.w3.org/TR/xhtml1/DTD/xhtml1-transitional.dtd">
<html xmlns="http://www.w3.org/1999/xhtml" xml:lang="en" lang="en">
 <head>
  <title>
</title>
<meta http-equiv="Content-Type" content="text/html;charset=utf-8" />
  <meta name='ocr-system' content='tesseract 3.04.00' />
  <meta name='ocr-capabilities' content='ocr_page ocr_carea ocr_par ocr_line ocrx_word'/>
</head>
<body>
  <div class='ocr_page' id='page_1' title='image "./tlucretiicaride04carugoog_0221.png"; bbox 0 0 2084 3000; ppageno 0'>
   <div class='ocr_carea' id='block_1_1' title="bbox 766 197 1868 253">
    <p class='ocr_par' dir='ltr' id='par_1_1' title="bbox 766 197 1868 253">
     <span class='ocr_line' id='line_1_1' title="bbox 766 197 1868 253; baseline -0.001 0"><span class='ocrx_word' id='word_1_1' title='bbox 766 198 984 253; x_wconf 84' lang='lat' dir='ltr'>LIBER</span> <span class='ocrx_word' id='word_1_2' title='bbox 1019 197 1298 252; x_wconf 77' lang='lat' dir='ltr'><strong>SEXTUS.</strong></span> <span class='ocrx_word' id='word_1_3' title='bbox 1767 203 1868 252; x_wconf 83' lang='lat'><strong>201</strong></span> 
     </span>
    </p>
   </div>
   <div class='ocr_carea' id='block_1_2' title="bbox 190 299 1874 846">
    <p class='ocr_par' dir='ltr' id='par_1_2' title="bbox 190 299 1874 846">
     <span class='ocr_line' id='line_1_2' title="bbox 190 299 1874 369; baseline -0.001 -14"><span class='ocrx_word' id='word_1_4' title='bbox 190 303 315 369; x_wconf 82' lang='lat' dir='ltr'><strong>Cur,</strong></span> <span class='ocrx_word' id='word_1_5' title='bbox 374 301 531 354; x_wconf 88' lang='lat' dir='ltr'><strong>uibus</strong></span> <span class='ocrx_word' id='word_1_6' title='bbox 553 301 829 354; x_wconf 86' lang='lat' dir='ltr'><strong>incautum</strong></span> <span class='ocrx_word' id='word_1_7' title='bbox 853 301 1021 354; x_wconf 86' lang='lat' dir='ltr'><strong>scelus</strong></span> <span class='ocrx_word' id='word_1_8' title='bbox 1047 299 1333 354; x_wconf 76' lang='lat' dir='ltr'><strong>aversabile</strong></span> <span class='ocrx_word' id='word_1_9' title='bbox 1358 315 1582 368; x_wconf 87' lang='lat' dir='ltr'><strong>cumque</strong></span> <span class='ocrx_word' id='word_1_10' title='bbox 1605 304 1699 367; x_wconf 88' lang='lat' dir='ltr'><strong>est,</strong></span> <span class='ocrx_word' id='word_1_11' title='bbox 1770 302 1874 353; x_wconf 82' lang='lat'><strong>390</strong></span> 
     </span>
     <span class='ocr_line' id='line_1_3' title="bbox 190 367 1475 435; baseline -0.003 -11"><span class='ocrx_word' id='word_1_12' title='bbox 190 371 244 424; x_wconf 83' lang='lat' dir='ltr'>N</span> <span class='ocrx_word' id='word_1_13' title='bbox 246 389 315 423; x_wconf 89' lang='lat' dir='ltr'><strong>on</strong></span> <span class='ocrx_word' id='word_1_14' title='bbox 361 371 557 435; x_wconf 81' lang='lat' dir='ltr'><strong>aciunt,</strong></span> <span class='ocrx_word' id='word_1_15' title='bbox 581 369 676 422; x_wconf 89' lang='lat' dir='ltr'><strong>icti</strong></span> <span class='ocrx_word' id='word_1_16' title='bbox 697 370 934 423; x_wconf 85' lang='lat' dir='ltr'><strong>flammas</strong></span> <span class='ocrx_word' id='word_1_17' title='bbox 957 376 1021 422; x_wconf 91' lang='grc' dir='ltr'><strong>ιιι</strong></span> <span class='ocrx_word' id='word_1_18' title='bbox 1042 370 1269 435; x_wconf 86' lang='lat' dir='ltr'><strong>fulguris</strong></span> <span class='ocrx_word' id='word_1_19' title='bbox 1292 367 1475 421; x_wconf 78' lang='lat' dir='ltr'><strong>halent</strong></span> 
     </span>
     <span class='ocr_line' id='line_1_4' title="bbox 192 435 1438 507; baseline -0.004 -14"><span class='ocrx_word' id='word_1_20' title='bbox 192 439 414 492; x_wconf 88' lang='lat' dir='ltr'><strong>Pectore</strong></span> <span class='ocrx_word' id='word_1_21' title='bbox 436 438 651 507; x_wconf 82' lang='lat' dir='ltr'><strong>perfixo‚</strong></span> <span class='ocrx_word' id='word_1_22' title='bbox 674 437 930 490; x_wconf 82' lang='lat' dir='ltr'>documen</span> <span class='ocrx_word' id='word_1_23' title='bbox 954 438 1262 490; x_wconf 79' lang='lat' dir='ltr'><strong>mortalibus</strong></span> <span class='ocrx_word' id='word_1_24' title='bbox 1286 435 1438 489; x_wconf 69' lang='lat' dir='ltr'><strong>acre?</strong></span> 
     </span>
     <span class='ocr_line' id='line_1_5' title="bbox 192 505 1392 576; baseline -0.003 -16"><span class='ocrx_word' id='word_1_25' title='bbox 192 508 269 560; x_wconf 87' lang='lat' dir='ltr'><strong>Et</strong></span> <span class='ocrx_word' id='word_1_26' title='bbox 293 508 469 576; x_wconf 87' lang='lat' dir='ltr'><strong>potius</strong></span> <span class='ocrx_word' id='word_1_27' title='bbox 493 507 655 558; x_wconf 82' lang='lat' dir='ltr'><strong>nullae</strong></span> <span class='ocrx_word' id='word_1_28' title='bbox 679 506 780 559; x_wconf 89' lang='lat' dir='ltr'><strong>sibi</strong></span> <span class='ocrx_word' id='word_1_29' title='bbox 802 506 973 574; x_wconf 86' lang='lat' dir='ltr'><strong>turpis</strong></span> <span class='ocrx_word' id='word_1_30' title='bbox 996 507 1231 559; x_wconf 88' lang='lat' dir='ltr'><strong>conscius</strong></span> <span class='ocrx_word' id='word_1_31' title='bbox 1254 505 1312 556; x_wconf 90' lang='lat' dir='ltr'><strong>in</strong></span> <span class='ocrx_word' id='word_1_32' title='bbox 1334 522 1392 557; x_wconf 89' lang='lat' dir='ltr'><strong>re</strong></span> 
     </span>
     <span class='ocr_line' id='line_1_6' title="bbox 194 573 1491 642; baseline -0.002 -14"><span class='ocrx_word' id='word_1_33' title='bbox 194 575 441 628; x_wconf 81' lang='lat' dir='ltr'><strong>Volvitur</strong></span> <span class='ocrx_word' id='word_1_34' title='bbox 463 576 522 627; x_wconf 89' lang='lat' dir='ltr'><strong>in</strong></span> <span class='ocrx_word' id='word_1_35' title='bbox 544 575 769 627; x_wconf 82' lang='lat' dir='ltr'><strong>flammis</strong></span> <span class='ocrx_word' id='word_1_36' title='bbox 791 574 1055 640; x_wconf 86' lang='lat' dir='ltr'><strong>innoxius,</strong></span> <span class='ocrx_word' id='word_1_37' title='bbox 1079 575 1240 642; x_wconf 89' lang='lat' dir='ltr'><strong>inque</strong></span> <span class='ocrx_word' id='word_1_38' title='bbox 1262 573 1491 642; x_wconf 85' lang='lat' dir='ltr'><strong>peditur,</strong></span> 
     </span>
     <span class='ocr_line' id='line_1_7' title="bbox 192 641 1385 711; baseline -0.003 -14"><span class='ocrx_word' id='word_1_39' title='bbox 192 644 426 697; x_wconf 73' lang='lat' dir='ltr'><strong>Turbine</strong></span> <span class='ocrx_word' id='word_1_40' title='bbox 448 643 646 696; x_wconf 85' lang='lat' dir='ltr'><strong>coelesti</strong></span> <span class='ocrx_word' id='word_1_41' title='bbox 670 642 843 695; x_wconf 83' lang='lat' dir='ltr'><strong>subito</strong></span> <span class='ocrx_word' id='word_1_42' title='bbox 866 648 1135 711; x_wconf 87' lang='lat' dir='ltr'><strong>correptus</strong></span> <span class='ocrx_word' id='word_1_43' title='bbox 1158 648 1214 694; x_wconf 87' lang='lat' dir='ltr'><strong>et</strong></span> <span class='ocrx_word' id='word_1_44' title='bbox 1235 641 1385 709; x_wconf 66' lang='lat' dir='ltr'><strong>igni?</strong></span> 
     </span>
     <span class='ocr_line' id='line_1_8' title="bbox 265 708 1677 780; baseline -0.001 -15"><span class='ocrx_word' id='word_1_45' title='bbox 265 712 371 765; x_wconf 80' lang='lat' dir='ltr'><strong>Gur</strong></span> <span class='ocrx_word' id='word_1_46' title='bbox 392 712 553 765; x_wconf 86' lang='lat' dir='ltr'><strong>etiam</strong></span> <span class='ocrx_word' id='word_1_47' title='bbox 575 711 691 765; x_wconf 83' lang='lat' dir='ltr'><strong>loca</strong></span> <span class='ocrx_word' id='word_1_48' title='bbox 713 711 822 764; x_wconf 86' lang='lat' dir='ltr'><strong>sola</strong></span> <span class='ocrx_word' id='word_1_49' title='bbox 844 715 1054 780; x_wconf 87' lang='lat' dir='ltr'><strong>petunt,</strong></span> <span class='ocrx_word' id='word_1_50' title='bbox 1076 711 1377 778; x_wconf 78' lang='lat' dir='ltr'><strong>frustraque</strong></span> <span class='ocrx_word' id='word_1_51' title='bbox 1399 708 1677 763; x_wconf 65' lang='lat' dir='ltr'><strong>laborant?</strong></span> 
     </span>
     <span class='ocr_line' id='line_1_9' title="bbox 192 778 1666 846; baseline -0.001 -13"><span class='ocrx_word' id='word_1_52' title='bbox 192 780 281 834; x_wconf 84' lang='lat' dir='ltr'><strong>An</strong></span> <span class='ocrx_word' id='word_1_53' title='bbox 305 786 424 833; x_wconf 91' lang='lat' dir='ltr'><strong>tum</strong></span> <span class='ocrx_word' id='word_1_54' title='bbox 444 780 660 833; x_wconf 84' lang='lat' dir='ltr'><strong>brachia</strong></span> <span class='ocrx_word' id='word_1_55' title='bbox 684 784 1045 846; x_wconf 86' lang='lat' dir='ltr'><strong>consuescunt,</strong></span> <span class='ocrx_word' id='word_1_56' title='bbox 1067 779 1386 846; x_wconf 85' lang='lat' dir='ltr'><strong>firmantque</strong></span> <span class='ocrx_word' id='word_1_57' title='bbox 1408 778 1666 832; x_wconf 66' lang='lat' dir='ltr'><strong>lacertos?</strong></span> 
     </span>
    </p>
   </div>
   <div class='ocr_carea' id='block_1_3' title="bbox 194 847 1879 2771">
    <p class='ocr_par' dir='ltr' id='par_1_3' title="bbox 194 847 1879 2771">
     <span class='ocr_line' id='line_1_10' title="bbox 195 847 1419 969; baseline -0.001 -68"><span class='ocrx_word' id='word_1_58' title='bbox 195 849 263 902; x_wconf 89' lang='lat' dir='ltr'><strong>In</strong></span> <span class='ocrx_word' id='word_1_59' title='bbox 287 854 528 969; x_wconf 72' lang='lat' dir='ltr'><strong>terraque</strong></span> <span class='ocrx_word' id='word_1_60' title='bbox 552 848 719 917; x_wconf 86' lang='lat' dir='ltr'><strong>patris</strong></span> <span class='ocrx_word' id='word_1_61' title='bbox 742 865 837 901; x_wconf 85' lang='lat' dir='ltr'><strong>cur</strong></span> <span class='ocrx_word' id='word_1_62' title='bbox 858 848 1027 901; x_wconf 90' lang='lat' dir='ltr'><strong>telum</strong></span> <span class='ocrx_word' id='word_1_63' title='bbox 1050 847 1419 917; x_wconf 86' lang='lat' dir='ltr'><strong>perpetiuntur</strong></span> 
     </span>
     <span class='ocr_line' id='line_1_11' title="bbox 195 915 1599 985; baseline -0.002 -15"><span class='ocrx_word' id='word_1_64' title='bbox 195 917 433 971; x_wconf 72' lang='lat' dir='ltr'><strong>obtundi</strong></span> <span class='ocrx_word' id='word_1_65' title='bbox 503 934 600 970; x_wconf 87' lang='lat' dir='ltr'><strong>cur</strong></span> <span class='ocrx_word' id='word_1_66' title='bbox 621 917 733 985; x_wconf 87' lang='lat' dir='ltr'><strong>ipse</strong></span> <span class='ocrx_word' id='word_1_67' title='bbox 756 917 898 985; x_wconf 85' lang='lat' dir='ltr'><strong>sinit,</strong></span> <span class='ocrx_word' id='word_1_68' title='bbox 922 933 1095 985; x_wconf 89' lang='lat' dir='ltr'><strong>neque</strong></span> <span class='ocrx_word' id='word_1_69' title='bbox 1117 916 1287 985; x_wconf 85' lang='lat' dir='ltr'><strong>parcit</strong></span> <span class='ocrx_word' id='word_1_70' title='bbox 1308 916 1368 968; x_wconf 90' lang='lat' dir='ltr'><strong>in</strong></span> <span class='ocrx_word' id='word_1_71' title='bbox 1390 915 1599 968; x_wconf 71' lang='lat' dir='ltr'><strong>hostes?</strong></span> 
     </span>
     <span class='ocr_line' id='line_1_12' title="bbox 264 984 1877 1055; baseline -0.001 -17"><span class='ocrx_word' id='word_1_72' title='bbox 264 986 520 1053; x_wconf 88' lang='lat' dir='ltr'><strong>Denique,</strong></span> <span class='ocrx_word' id='word_1_73' title='bbox 544 1002 638 1039; x_wconf 83' lang='lat' dir='ltr'><strong>cm·</strong></span> <span class='ocrx_word' id='word_1_74' title='bbox 661 1003 932 1055; x_wconf 89' lang='lat' dir='ltr'><strong>nunquam</strong></span> <span class='ocrx_word' id='word_1_75' title='bbox 955 987 1084 1038; x_wconf 86' lang='lat' dir='ltr'><strong>coelo</strong></span> <span class='ocrx_word' id='word_1_76' title='bbox 1100 985 1237 1054; x_wconf 85' lang='lat' dir='ltr'><strong>jacit</strong></span> <span class='ocrx_word' id='word_1_77' title='bbox 1260 984 1494 1052; x_wconf 89' lang='lat' dir='ltr'><strong>undique</strong></span> <span class='ocrx_word' id='word_1_78' title='bbox 1518 1000 1650 1052; x_wconf 88' lang='lat' dir='ltr'><strong>puro</strong></span> <span class='ocrx_word' id='word_1_79' title='bbox 1772 986 1877 1037; x_wconf 89' lang='grc'><strong>400</strong></span> 
     </span>
     <span class='ocr_line' id='line_1_13' title="bbox 196 1053 1586 1123; baseline 0 -17"><span class='ocrx_word' id='word_1_80' title='bbox 196 1054 416 1123; x_wconf 77' lang='lat' dir='ltr'><strong>Jupiter</strong></span> <span class='ocrx_word' id='word_1_81' title='bbox 438 1054 497 1106; x_wconf 90' lang='lat' dir='ltr'><strong>in</strong></span> <span class='ocrx_word' id='word_1_82' title='bbox 518 1059 683 1107; x_wconf 86' lang='lat' dir='ltr'><strong>terras</strong></span> <span class='ocrx_word' id='word_1_83' title='bbox 706 1054 925 1123; x_wconf 88' lang='lat' dir='ltr'><strong>fulmen,</strong></span> <span class='ocrx_word' id='word_1_84' title='bbox 951 1054 1255 1123; x_wconf 89' lang='lat' dir='ltr'><strong>sonitusque</strong></span> <span class='ocrx_word' id='word_1_85' title='bbox 1278 1053 1586 1122; x_wconf 66' lang='lat' dir='ltr'><strong>profundit?</strong></span> 
     </span>
     <span class='ocr_line' id='line_1_14' title="bbox 195 1121 1529 1192; baseline 0.001 -18"><span class='ocrx_word' id='word_1_86' title='bbox 195 1122 284 1175; x_wconf 85' lang='lat' dir='ltr'><strong>An</strong></span> <span class='ocrx_word' id='word_1_87' title='bbox 308 1122 466 1175; x_wconf 89' lang='lat' dir='ltr'><strong>simul</strong></span> <span class='ocrx_word' id='word_1_88' title='bbox 488 1139 550 1175; x_wconf 77' lang='lat' dir='ltr'><strong>ac</strong></span> <span class='ocrx_word' id='word_1_89' title='bbox 574 1121 738 1176; x_wconf 86' lang='lat' dir='ltr'><strong>nubes</strong></span> <span class='ocrx_word' id='word_1_90' title='bbox 763 1140 1068 1191; x_wconf 86' lang='lat' dir='ltr'><strong>successere,</strong></span> <span class='ocrx_word' id='word_1_91' title='bbox 1091 1124 1235 1192; x_wconf 87' lang='lat' dir='ltr'><strong>ipsus</strong></span> <span class='ocrx_word' id='word_1_92' title='bbox 1258 1123 1316 1175; x_wconf 91' lang='lat' dir='ltr'><strong>in</strong></span> <span class='ocrx_word' id='word_1_93' title='bbox 1340 1128 1529 1175; x_wconf 84' lang='lat' dir='ltr'><strong>aestum</strong></span> 
     </span>
     <span class='ocr_line' id='line_1_15' title="bbox 194 1190 1566 1261; baseline 0.001 -17"><span class='ocrx_word' id='word_1_94' title='bbox 194 1190 494 1258; x_wconf 77' lang='lat' dir='ltr'><strong>Descendit,</strong></span> <span class='ocrx_word' id='word_1_95' title='bbox 519 1209 679 1261; x_wconf 88' lang='lat' dir='ltr'><strong>prope</strong></span> <span class='ocrx_word' id='word_1_96' title='bbox 701 1197 765 1245; x_wconf 98' lang='grc' dir='ltr'><strong>ιιι</strong></span> <span class='ocrx_word' id='word_1_97' title='bbox 787 1192 914 1245; x_wconf 87' lang='lat' dir='ltr'><strong>hinc</strong></span> <span class='ocrx_word' id='word_1_98' title='bbox 938 1192 1031 1245; x_wconf 87' lang='lat' dir='ltr'><strong>teli</strong></span> <span class='ocrx_word' id='word_1_99' title='bbox 1056 1191 1370 1244; x_wconf 76' lang='lat' dir='ltr'><strong>determinet</strong></span> <span class='ocrx_word' id='word_1_100' title='bbox 1393 1191 1566 1245; x_wconf 72' lang='lat' dir='ltr'><strong>ictus?</strong></span> 
     </span>
     <span class='ocr_line' id='line_1_16' title="bbox 198 1258 1546 1329; baseline -0.001 -18"><span class='ocrx_word' id='word_1_101' title='bbox 198 1258 267 1312; x_wconf 92' lang='lat' dir='ltr'><strong>In</strong></span> <span class='ocrx_word' id='word_1_102' title='bbox 289 1276 433 1312; x_wconf 86' lang='lat' dir='ltr'><strong>mare</strong></span> <span class='ocrx_word' id='word_1_103' title='bbox 456 1277 561 1328; x_wconf 90' lang='lat' dir='ltr'><strong>qua</strong></span> <span class='ocrx_word' id='word_1_104' title='bbox 584 1278 734 1329; x_wconf 84' lang='lat' dir='ltr'><strong>porro</strong></span> <span class='ocrx_word' id='word_1_105' title='bbox 756 1260 926 1313; x_wconf 89' lang='lat' dir='ltr'><strong>mittit</strong></span> <span class='ocrx_word' id='word_1_106' title='bbox 949 1259 1189 1312; x_wconf 72' lang='lat' dir='ltr'><strong>ratione?</strong></span> <span class='ocrx_word' id='word_1_107' title='bbox 1225 1258 1354 1327; x_wconf 89' lang='lat' dir='ltr'><strong>quid</strong></span> <span class='ocrx_word' id='word_1_108' title='bbox 1376 1259 1546 1313; x_wconf 85' lang='lat' dir='ltr'><strong>undas</strong></span> 
     </span>
     <span class='ocr_line' id='line_1_17' title="bbox 196 1326 1598 1408; baseline -0.001 -27"><span class='ocrx_word' id='word_1_109' title='bbox 196 1328 275 1381; x_wconf 87' lang='lat' dir='ltr'><strong>Ar</strong></span> <span class='ocrx_word' id='word_1_110' title='bbox 313 1328 394 1381; x_wconf 89' lang='lat' dir='ltr'><strong>uit</strong></span> <span class='ocrx_word' id='word_1_111' title='bbox 417 1333 471 1382; x_wconf 86' lang='lat' dir='ltr'><strong>et</strong></span> <span class='ocrx_word' id='word_1_112' title='bbox 494 1328 749 1397; x_wconf 88' lang='lat' dir='ltr'><strong>liquidam</strong></span> <span class='ocrx_word' id='word_1_113' title='bbox 771 1329 963 1382; x_wconf 89' lang='lat' dir='ltr'><strong>molem</strong></span> <span class='ocrx_word' id='word_1_114' title='bbox 986 1344 1300 1408; x_wconf 87' lang='lat' dir='ltr'><strong>camposque</strong></span> <span class='ocrx_word' id='word_1_115' title='bbox 1322 1326 1598 1380; x_wconf 65' lang='lat' dir='ltr'><strong>natantes?</strong></span> 
     </span>
     <span class='ocr_line' id='line_1_18' title="bbox 342 1395 1523 1464; baseline -0.003 -15"><span class='ocrx_word' id='word_1_116' title='bbox 342 1403 544 1464; x_wconf 84' lang='lat' dir='ltr'><strong>aeterea,</strong></span> <span class='ocrx_word' id='word_1_117' title='bbox 568 1397 614 1449; x_wconf 89' lang='lat' dir='ltr'><strong>si</strong></span> <span class='ocrx_word' id='word_1_118' title='bbox 637 1397 755 1450; x_wconf 84' lang='lat' dir='ltr'><strong>vult</strong></span> <span class='ocrx_word' id='word_1_119' title='bbox 778 1414 1056 1450; x_wconf 78' lang='lat' dir='ltr'><strong>caveamus</strong></span> <span class='ocrx_word' id='word_1_120' title='bbox 1078 1395 1317 1448; x_wconf 74' lang='lat' dir='ltr'><strong>fulminis</strong></span> <span class='ocrx_word' id='word_1_121' title='bbox 1339 1395 1523 1461; x_wconf 84' lang='lat' dir='ltr'><strong>ictum,</strong></span> 
     </span>
     <span class='ocr_line' id='line_1_19' title="bbox 197 1461 1621 1535; baseline -0.003 -15"><span class='ocrx_word' id='word_1_122' title='bbox 197 1465 305 1520; x_wconf 82' lang='lat' dir='ltr'><strong>Gur</strong></span> <span class='ocrx_word' id='word_1_123' title='bbox 328 1465 538 1520; x_wconf 88' lang='lat' dir='ltr'><strong>dubitat</strong></span> <span class='ocrx_word' id='word_1_124' title='bbox 560 1466 746 1534; x_wconf 84' lang='lat' dir='ltr'><strong>facere,</strong></span> <span class='ocrx_word' id='word_1_125' title='bbox 769 1471 833 1519; x_wconf 92' lang='lat' dir='ltr'><strong>ut</strong></span> <span class='ocrx_word' id='word_1_126' title='bbox 856 1466 1114 1535; x_wconf 87' lang='lat' dir='ltr'><strong>possimus</strong></span> <span class='ocrx_word' id='word_1_127' title='bbox 1137 1480 1344 1518; x_wconf 88' lang='lat' dir='ltr'><strong>cernere</strong></span> <span class='ocrx_word' id='word_1_128' title='bbox 1367 1461 1621 1517; x_wconf 69' lang='lat' dir='ltr'><strong>missum?</strong></span> 
     </span>
     <span class='ocr_line' id='line_1_20' title="bbox 197 1533 1487 1603; baseline -0.002 -16"><span class='ocrx_word' id='word_1_129' title='bbox 197 1534 256 1588; x_wconf 81' lang='lat' dir='ltr'><strong>Si</strong></span> <span class='ocrx_word' id='word_1_130' title='bbox 281 1552 380 1588; x_wconf 88' lang='lat' dir='ltr'><strong>nec</strong></span> <span class='ocrx_word' id='word_1_131' title='bbox 402 1534 677 1603; x_wconf 74' lang='lat' dir='ltr'><strong>opinantes</strong></span> <span class='ocrx_word' id='word_1_132' title='bbox 700 1541 880 1588; x_wconf 84' lang='lat' dir='ltr'><strong>autem</strong></span> <span class='ocrx_word' id='word_1_133' title='bbox 903 1535 1021 1588; x_wconf 81' lang='lat' dir='ltr'><strong>vult</strong></span> <span class='ocrx_word' id='word_1_134' title='bbox 1043 1534 1335 1603; x_wconf 87' lang='lat' dir='ltr'><strong>opprimere</strong></span> <span class='ocrx_word' id='word_1_135' title='bbox 1358 1533 1487 1600; x_wconf 86' lang='lat' dir='ltr'><strong>igni,</strong></span> 
     </span>
     <span class='ocr_line' id='line_1_21' title="bbox 198 1600 1467 1672; baseline -0.002 -16"><span class='ocrx_word' id='word_1_136' title='bbox 198 1604 305 1656; x_wconf 83' lang='lat' dir='ltr'><strong>Cur</strong></span> <span class='ocrx_word' id='word_1_137' title='bbox 330 1609 481 1657; x_wconf 88' lang='lat' dir='ltr'><strong>tonat</strong></span> <span class='ocrx_word' id='word_1_138' title='bbox 503 1620 572 1656; x_wconf 83' lang='lat' dir='ltr'><strong>ex</strong></span> <span class='ocrx_word' id='word_1_139' title='bbox 594 1603 688 1656; x_wconf 83' lang='lat' dir='ltr'><strong>illa</strong></span> <span class='ocrx_word' id='word_1_140' title='bbox 710 1609 876 1672; x_wconf 84' lang='lat' dir='ltr'><strong>parte,</strong></span> <span class='ocrx_word' id='word_1_141' title='bbox 898 1608 963 1656; x_wconf 98' lang='grc' dir='ltr'><strong>ιιι</strong></span> <span class='ocrx_word' id='word_1_142' title='bbox 985 1603 1155 1657; x_wconf 82' lang='lat' dir='ltr'><strong>vitare</strong></span> <span class='ocrx_word' id='word_1_143' title='bbox 1179 1600 1467 1670; x_wconf 69' lang='lat' dir='ltr'><strong>queamus?</strong></span> 
     </span>
     <span class='ocr_line' id='line_1_22' title="bbox 199 1668 1877 1726; baseline -0.002 -1"><span class='ocrx_word' id='word_1_144' title='bbox 199 1673 306 1725; x_wconf 84' lang='lat' dir='ltr'><strong>Cur</strong></span> <span class='ocrx_word' id='word_1_145' title='bbox 327 1670 566 1725; x_wconf 82' lang='lat' dir='ltr'><strong>tenebras</strong></span> <span class='ocrx_word' id='word_1_146' title='bbox 590 1677 715 1726; x_wconf 86' lang='lat' dir='ltr'><strong>ante</strong></span> <span class='ocrx_word' id='word_1_147' title='bbox 738 1678 793 1725; x_wconf 89' lang='lat' dir='ltr'><strong>et</strong></span> <span class='ocrx_word' id='word_1_148' title='bbox 814 1672 1059 1724; x_wconf 74' lang='lat' dir='ltr'><strong>fremitus</strong></span> <span class='ocrx_word' id='word_1_149' title='bbox 1082 1677 1137 1724; x_wconf 90' lang='lat' dir='ltr'><strong>et</strong></span> <span class='ocrx_word' id='word_1_150' title='bbox 1159 1687 1431 1724; x_wconf 88' lang='lat' dir='ltr'><strong>murmura</strong></span> <span class='ocrx_word' id='word_1_151' title='bbox 1454 1668 1659 1722; x_wconf 60' lang='lat' dir='ltr'><strong>conciti</strong></span> <span class='ocrx_word' id='word_1_152' title='bbox 1773 1671 1877 1721; x_wconf 83' lang='lat'><strong>410</strong></span> 
     </span>
     <span class='ocr_line' id='line_1_23' title="bbox 268 1738 1554 1809; baseline -0.004 -15"><span class='ocrx_word' id='word_1_153' title='bbox 268 1740 341 1794; x_wconf 85' lang='lat' dir='ltr'><strong>Et</strong></span> <span class='ocrx_word' id='word_1_154' title='bbox 365 1739 522 1792; x_wconf 88' lang='lat' dir='ltr'><strong>simul</strong></span> <span class='ocrx_word' id='word_1_155' title='bbox 545 1741 602 1793; x_wconf 89' lang='lat' dir='ltr'><strong>in</strong></span> <span class='ocrx_word' id='word_1_156' title='bbox 623 1741 820 1794; x_wconf 88' lang='lat' dir='ltr'><strong>multas</strong></span> <span class='ocrx_word' id='word_1_157' title='bbox 843 1745 1018 1809; x_wconf 81' lang='lat' dir='ltr'><strong>partes</strong></span> <span class='ocrx_word' id='word_1_158' title='bbox 1041 1740 1135 1808; x_wconf 86' lang='lat' dir='ltr'><strong>qui</strong></span> <span class='ocrx_word' id='word_1_159' title='bbox 1160 1739 1369 1792; x_wconf 83' lang='lat' dir='ltr'><strong>credere</strong></span> <span class='ocrx_word' id='word_1_160' title='bbox 1391 1738 1554 1807; x_wconf 88' lang='lat' dir='ltr'><strong>possis</strong></span> 
     </span>
     <span class='ocr_line' id='line_1_24' title="bbox 198 1807 1721 1877; baseline -0.003 -15"><span class='ocrx_word' id='word_1_161' title='bbox 198 1809 258 1861; x_wconf 84' lang='lat' dir='ltr'>M</span> <span class='ocrx_word' id='word_1_162' title='bbox 265 1808 455 1862; x_wconf 71' lang='lat' dir='ltr'><strong>itterel</strong></span> <span class='ocrx_word' id='word_1_163' title='bbox 491 1825 561 1861; x_wconf 91' lang='lat' dir='ltr'><strong>an</strong></span> <span class='ocrx_word' id='word_1_164' title='bbox 583 1809 682 1862; x_wconf 86' lang='lat' dir='ltr'><strong>hoc</strong></span> <span class='ocrx_word' id='word_1_165' title='bbox 704 1809 846 1862; x_wconf 87' lang='lat' dir='ltr'><strong>ausis</strong></span> <span class='ocrx_word' id='word_1_166' title='bbox 868 1825 1144 1877; x_wconf 87' lang='lat' dir='ltr'><strong>nunquam</strong></span> <span class='ocrx_word' id='word_1_167' title='bbox 1168 1807 1481 1861; x_wconf 88' lang='lat' dir='ltr'><strong>contendere</strong></span> <span class='ocrx_word' id='word_1_168' title='bbox 1501 1807 1721 1874; x_wconf 86' lang='lat' dir='ltr'><strong>factum,</strong></span> 
     </span>
     <span class='ocr_line' id='line_1_25' title="bbox 199 1875 1383 1947; baseline -0.002 -16"><span class='ocrx_word' id='word_1_169' title='bbox 199 1878 276 1931; x_wconf 85' lang='lat' dir='ltr'><strong>Ut</strong></span> <span class='ocrx_word' id='word_1_170' title='bbox 298 1877 485 1930; x_wconf 89' lang='lat' dir='ltr'><strong>fierent</strong></span> <span class='ocrx_word' id='word_1_171' title='bbox 506 1878 645 1931; x_wconf 83' lang='lat' dir='ltr'><strong>ictus</strong></span> <span class='ocrx_word' id='word_1_172' title='bbox 668 1895 773 1931; x_wconf 91' lang='lat' dir='ltr'><strong>uno</strong></span> <span class='ocrx_word' id='word_1_173' title='bbox 797 1878 894 1930; x_wconf 87' lang='lat' dir='ltr'><strong>sub</strong></span> <span class='ocrx_word' id='word_1_174' title='bbox 916 1884 1150 1947; x_wconf 88' lang='lat' dir='ltr'><strong>tempore</strong></span> <span class='ocrx_word' id='word_1_175' title='bbox 1173 1875 1383 1945; x_wconf 64' lang='lat' dir='ltr'><strong>plures?</strong></span> 
     </span>
     <span class='ocr_line' id='line_1_26' title="bbox 198 1946 1604 2015; baseline -0.001 -17"><span class='ocrx_word' id='word_1_176' title='bbox 198 1946 275 1999; x_wconf 88' lang='lat' dir='ltr'><strong>At</strong></span> <span class='ocrx_word' id='word_1_177' title='bbox 299 1963 435 2015; x_wconf 80' lang='lat' dir='ltr'><strong>saepe</strong></span> <span class='ocrx_word' id='word_1_178' title='bbox 457 1951 537 1999; x_wconf 86' lang='lat' dir='ltr'><strong>est</strong></span> <span class='ocrx_word' id='word_1_179' title='bbox 559 1963 777 2000; x_wconf 89' lang='lat' dir='ltr'><strong>numero</strong></span> <span class='ocrx_word' id='word_1_180' title='bbox 799 1947 1017 2012; x_wconf 80' lang='lat' dir='ltr'><strong>factum,</strong></span> <span class='ocrx_word' id='word_1_181' title='bbox 1040 1946 1257 2014; x_wconf 88' lang='lat' dir='ltr'><strong>fierique</strong></span> <span class='ocrx_word' id='word_1_182' title='bbox 1279 1961 1485 1998; x_wconf 87' lang='lat' dir='ltr'><strong>necesse</strong></span> <span class='ocrx_word' id='word_1_183' title='bbox 1508 1949 1604 2012; x_wconf 84' lang='lat' dir='ltr'><strong>est,</strong></span> 
     </span>
     <span class='ocr_line' id='line_1_27' title="bbox 200 2013 1598 2083; baseline 0 -17"><span class='ocrx_word' id='word_1_184' title='bbox 200 2014 277 2067; x_wconf 90' lang='lat' dir='ltr'><strong>Ut</strong></span> <span class='ocrx_word' id='word_1_185' title='bbox 299 2015 480 2083; x_wconf 88' lang='lat' dir='ltr'><strong>pluere</strong></span> <span class='ocrx_word' id='word_1_186' title='bbox 502 2015 561 2067; x_wconf 89' lang='lat' dir='ltr'><strong>in</strong></span> <span class='ocrx_word' id='word_1_187' title='bbox 583 2015 768 2068; x_wconf 89' lang='lat' dir='ltr'><strong>multis</strong></span> <span class='ocrx_word' id='word_1_188' title='bbox 789 2014 1088 2083; x_wconf 80' lang='lat' dir='ltr'><strong>regionibus</strong></span> <span class='ocrx_word' id='word_1_189' title='bbox 1111 2020 1167 2068; x_wconf 90' lang='lat' dir='ltr'><strong>et</strong></span> <span class='ocrx_word' id='word_1_190' title='bbox 1189 2014 1374 2068; x_wconf 85' lang='lat' dir='ltr'><strong>eadere</strong></span> <span class='ocrx_word' id='word_1_191' title='bbox 1394 2013 1598 2082; x_wconf 85' lang='lat' dir='ltr'><strong>imbres,</strong></span> 
     </span>
     <span class='ocr_line' id='line_1_28' title="bbox 200 2083 1396 2153; baseline 0.002 -18"><span class='ocrx_word' id='word_1_192' title='bbox 200 2083 450 2137; x_wconf 83' lang='lat' dir='ltr'><strong>Fulmina</strong></span> <span class='ocrx_word' id='word_1_193' title='bbox 473 2085 548 2137; x_wconf 85' lang='lat' dir='ltr'><strong>sic</strong></span> <span class='ocrx_word' id='word_1_194' title='bbox 572 2101 677 2139; x_wconf 90' lang='lat' dir='ltr'><strong>uno</strong></span> <span class='ocrx_word' id='word_1_195' title='bbox 698 2084 813 2137; x_wconf 88' lang='lat' dir='ltr'><strong>fieri</strong></span> <span class='ocrx_word' id='word_1_196' title='bbox 837 2084 934 2136; x_wconf 87' lang='lat' dir='ltr'><strong>sub</strong></span> <span class='ocrx_word' id='word_1_197' title='bbox 957 2089 1189 2153; x_wconf 89' lang='lat' dir='ltr'><strong>tempore</strong></span> <span class='ocrx_word' id='word_1_198' title='bbox 1211 2083 1396 2137; x_wconf 88' lang='lat' dir='ltr'><strong>multa.</strong></span> 
     </span>
     <span class='ocr_line' id='line_1_29' title="bbox 271 2151 1551 2220; baseline 0.002 -15"><span class='ocrx_word' id='word_1_199' title='bbox 271 2152 556 2217; x_wconf 81' lang='lat' dir='ltr'><strong>Postremo,</strong></span> <span class='ocrx_word' id='word_1_200' title='bbox 580 2171 673 2207; x_wconf 85' lang='lat' dir='ltr'><strong>cur</strong></span> <span class='ocrx_word' id='word_1_201' title='bbox 695 2157 879 2206; x_wconf 86' lang='lat' dir='ltr'><strong>sancta</strong></span> <span class='ocrx_word' id='word_1_202' title='bbox 901 2151 1061 2204; x_wconf 73' lang='lat' dir='ltr'><strong>desim</strong></span> <span class='ocrx_word' id='word_1_203' title='bbox 1085 2152 1304 2204; x_wconf 85' lang='lat' dir='ltr'><strong>delubra</strong></span> <span class='ocrx_word' id='word_1_204' title='bbox 1328 2168 1551 2220; x_wconf 83' lang='lat' dir='ltr'><strong>suasque</strong></span> 
     </span>
     <span class='ocr_line' id='line_1_30' title="bbox 199 2219 1377 2290; baseline 0 -17"><span class='ocrx_word' id='word_1_205' title='bbox 199 2219 434 2274; x_wconf 83' lang='lat' dir='ltr'><strong>Discutit</strong></span> <span class='ocrx_word' id='word_1_206' title='bbox 456 2222 649 2274; x_wconf 87' lang='lat' dir='ltr'><strong>infesto</strong></span> <span class='ocrx_word' id='word_1_207' title='bbox 672 2221 945 2290; x_wconf 85' lang='lat' dir='ltr'><strong>praeclaras</strong></span> <span class='ocrx_word' id='word_1_208' title='bbox 968 2220 1193 2272; x_wconf 88' lang='lat' dir='ltr'><strong>fulmine</strong></span> <span class='ocrx_word' id='word_1_209' title='bbox 1218 2220 1377 2287; x_wconf 85' lang='lat' dir='ltr'><strong>sedes,</strong></span> 
     </span>
     <span class='ocr_line' id='line_1_31' title="bbox 201 2288 1563 2358; baseline 0 -16"><span class='ocrx_word' id='word_1_210' title='bbox 201 2289 273 2342; x_wconf 85' lang='lat' dir='ltr'><strong>Et</strong></span> <span class='ocrx_word' id='word_1_211' title='bbox 295 2290 429 2343; x_wconf 85' lang='lat' dir='ltr'><strong>bene</strong></span> <span class='ocrx_word' id='word_1_212' title='bbox 449 2291 595 2344; x_wconf 85' lang='lat' dir='ltr'><strong>facta</strong></span> <span class='ocrx_word' id='word_1_213' title='bbox 619 2289 780 2343; x_wconf 72' lang='lat' dir='ltr'><strong>deum</strong></span> <span class='ocrx_word' id='word_1_214' title='bbox 802 2289 1004 2356; x_wconf 87' lang='lat' dir='ltr'><strong>frangit</strong></span> <span class='ocrx_word' id='word_1_215' title='bbox 1029 2288 1324 2357; x_wconf 88' lang='lat' dir='ltr'><strong>simulacra,</strong></span> <span class='ocrx_word' id='word_1_216' title='bbox 1349 2289 1563 2358; x_wconf 87' lang='lat' dir='ltr'><strong>suisque</strong></span> 
     </span>
     <span class='ocr_line' id='line_1_32' title="bbox 199 2357 1879 2427; baseline -0.001 -16"><span class='ocrx_word' id='word_1_217' title='bbox 199 2358 380 2412; x_wconf 89' lang='lat' dir='ltr'><strong>Demit</strong></span> <span class='ocrx_word' id='word_1_218' title='bbox 402 2358 720 2427; x_wconf 83' lang='lat' dir='ltr'><strong>imaginibus</strong></span> <span class='ocrx_word' id='word_1_219' title='bbox 743 2358 974 2411; x_wconf 80' lang='lat' dir='ltr'><strong>violento</strong></span> <span class='ocrx_word' id='word_1_220' title='bbox 997 2358 1213 2410; x_wconf 81' lang='lat' dir='ltr'><strong>vulnere</strong></span> <span class='ocrx_word' id='word_1_221' title='bbox 1236 2357 1519 2411; x_wconf 66' lang='lat' dir='ltr'><strong>honorem?</strong></span> <span class='ocrx_word' id='word_1_222' title='bbox 1774 2359 1879 2409; x_wconf 84' lang='lat'><strong>420</strong></span> 
     </span>
     <span class='ocr_line' id='line_1_33' title="bbox 200 2424 1750 2497; baseline -0.001 -18"><span class='ocrx_word' id='word_1_223' title='bbox 200 2428 430 2495; x_wconf 82' lang='lat' dir='ltr'><strong>Altaque</strong></span> <span class='ocrx_word' id='word_1_224' title='bbox 453 2445 549 2480; x_wconf 90' lang='lat' dir='ltr'><strong>cur</strong></span> <span class='ocrx_word' id='word_1_225' title='bbox 571 2428 879 2497; x_wconf 89' lang='lat' dir='ltr'><strong>plerumque</strong></span> <span class='ocrx_word' id='word_1_226' title='bbox 902 2427 1040 2496; x_wconf 86' lang='lat' dir='ltr'><strong>petit</strong></span> <span class='ocrx_word' id='word_1_227' title='bbox 1064 2426 1212 2479; x_wconf 74' lang='lat' dir='ltr'><strong>loca?</strong></span> <span class='ocrx_word' id='word_1_228' title='bbox 1248 2426 1479 2494; x_wconf 89' lang='lat' dir='ltr'><strong>plurima</strong></span> <span class='ocrx_word' id='word_1_229' title='bbox 1503 2442 1607 2493; x_wconf 93' lang='lat' dir='ltr'><strong>quo</strong></span> <span class='ocrx_word' id='word_1_230' title='bbox 1630 2424 1750 2494; x_wconf 85' lang='lat' dir='ltr'><strong>plus</strong></span> 
     </span>
     <span class='ocr_line' id='line_1_34' title="bbox 201 2494 1523 2563; baseline -0.001 -15"><span class='ocrx_word' id='word_1_231' title='bbox 201 2496 475 2549; x_wconf 88' lang='lat' dir='ltr'><strong>Montibus</strong></span> <span class='ocrx_word' id='word_1_232' title='bbox 496 2497 555 2549; x_wconf 89' lang='lat' dir='ltr'><strong>in</strong></span> <span class='ocrx_word' id='word_1_233' title='bbox 579 2497 795 2563; x_wconf 82' lang='lat' dir='ltr'><strong>summis</strong></span> <span class='ocrx_word' id='word_1_234' title='bbox 818 2495 1043 2563; x_wconf 79' lang='lat' dir='ltr'><strong>vestigia</strong></span> <span class='ocrx_word' id='word_1_235' title='bbox 1067 2495 1327 2549; x_wconf 87' lang='lat' dir='ltr'><strong>ceruimus</strong></span> <span class='ocrx_word' id='word_1_236' title='bbox 1351 2494 1523 2563; x_wconf 74' lang='lat' dir='ltr'><strong>ignis?</strong></span> 
     </span>
     <span class='ocr_line' id='line_1_35' title="bbox 272 2560 1692 2633; baseline -0.001 -18"><span class='ocrx_word' id='word_1_237' title='bbox 272 2564 421 2628; x_wconf 91' lang='lat' dir='ltr'><strong>Quod</strong></span> <span class='ocrx_word' id='word_1_238' title='bbox 445 2571 691 2633; x_wconf 86' lang='lat' dir='ltr'><strong>superest,</strong></span> <span class='ocrx_word' id='word_1_239' title='bbox 715 2564 871 2618; x_wconf 87' lang='lat' dir='ltr'><strong>facile</strong></span> <span class='ocrx_word' id='word_1_240' title='bbox 895 2570 974 2616; x_wconf 84' lang='lat' dir='ltr'><strong>est</strong></span> <span class='ocrx_word' id='word_1_241' title='bbox 997 2581 1065 2616; x_wconf 83' lang='lat' dir='ltr'><strong>ex</strong></span> <span class='ocrx_word' id='word_1_242' title='bbox 1090 2564 1173 2616; x_wconf 88' lang='lat' dir='ltr'><strong>his</strong></span> <span class='ocrx_word' id='word_1_243' title='bbox 1198 2579 1500 2630; x_wconf 85' lang='lat' dir='ltr'><strong>cognoscere</strong></span> <span class='ocrx_word' id='word_1_244' title='bbox 1523 2560 1692 2629; x_wconf 87' lang='lat' dir='ltr'><strong>rebus,</strong></span> 
     </span>
     <span class='ocr_line' id='line_1_36' title="bbox 203 2633 1411 2701; baseline -0.007 -12"><span class='ocrx_word' id='word_1_245' title='bbox 203 2634 484 2695; x_wconf 68' lang='grc' dir='ltr'><strong><em>Πρηστῆραε</em></strong></span> <span class='ocrx_word' id='word_1_246' title='bbox 508 2633 651 2686; x_wconf 83' lang='lat' dir='ltr'><strong>Graii</strong></span> <span class='ocrx_word' id='word_1_247' title='bbox 677 2650 805 2701; x_wconf 89' lang='lat' dir='ltr'><strong>quos</strong></span> <span class='ocrx_word' id='word_1_248' title='bbox 828 2633 895 2685; x_wconf 92' lang='lat' dir='ltr'><strong>ab</strong></span> <span class='ocrx_word' id='word_1_249' title='bbox 917 2650 975 2684; x_wconf 88' lang='lat' dir='ltr'><strong>re</strong></span> <span class='ocrx_word' id='word_1_250' title='bbox 997 2633 1411 2693; x_wconf 71' lang='lat' dir='ltr'><strong>nominatarum,</strong></span> 
     </span>
     <span class='ocr_line' id='line_1_37' title="bbox 203 2701 1461 2771; baseline -0.002 -17"><span class='ocrx_word' id='word_1_251' title='bbox 203 2702 268 2755; x_wconf 91' lang='lat' dir='ltr'><strong>In</strong></span> <span class='ocrx_word' id='word_1_252' title='bbox 292 2717 437 2755; x_wconf 86' lang='lat' dir='ltr'><strong>mare</strong></span> <span class='ocrx_word' id='word_1_253' title='bbox 460 2717 566 2771; x_wconf 88' lang='lat' dir='ltr'><strong>qua</strong></span> <span class='ocrx_word' id='word_1_254' title='bbox 587 2702 734 2755; x_wconf 83' lang='lat' dir='ltr'><strong>missi</strong></span> <span class='ocrx_word' id='word_1_255' title='bbox 756 2701 975 2755; x_wconf 81' lang='lat' dir='ltr'><strong>veniant</strong></span> <span class='ocrx_word' id='word_1_256' title='bbox 996 2701 1201 2755; x_wconf 88' lang='lat' dir='ltr'><strong>ratione</strong></span> <span class='ocrx_word' id='word_1_257' title='bbox 1225 2715 1461 2767; x_wconf 86' lang='lat' dir='ltr'><strong>superne.</strong></span> 
     </span>
    </p>
   </div>
  </div>
 </body>
</html>
