2084 3000
777 170 1239 230 ARGUMENTA.
1749 175 1848 230 xiii

171 298 442 345 simulacris
468 296 672 358 denique
693 295 888 343 uberius
921 295 1093 357 repetit
1117 300 1165 341 ct
1198 309 1424 342 somnum
1450 293 1520 356 [v.
1545 295 1844 359 908-962]‚

169 384 221 425 et
252 377 506 433 insomnia,
530 390 736 440 quorum
757 375 913 421 varias
944 389 1111 422 causas
1144 381 1393 422 enumerat
1416 373 1485 436 [v.
1511 375 1843 438 963—1033J,

169 457 361 516 adjecta
402 456 459 503 de
501 469 676 508 amore.
720 453 918 501 libidine
959 454 1160 515 ejusque
1202 454 1449 502 affectibus
1488 454 1845 516 elegantissima

167 535 464 597 digressione
488 533 561 597 [ν.
589 532 948 596 1034-·1281].

705 812 942 865 LIBRI
1004 811 1315 876 QUINTI.

232 933 481 981 Exonsus
513 934 655 995 poeta
688 933 747 980 ab
771 931 974 994 Epicuri
1005 930 1245 987 laudibus,
1268 930 1348 978 cui
1379 937 1571 994 propter
1601 938 1840 995 repertam

163 1013 546 1075 explicatamque
568 1012 922 1075 philosophiam
943 1010 1057 1073 plus
1079 1011 1282 1058 debeant
1301 1012 1539 1071 mortales,
1560 1027 1708 1076 quam
1728 1013 1840 1062 reli·

164 1093 276 1155 quis
308 1093 545 1151 omnibus,
569 1093 653 1154 qui
686 1093 744 1139 de
777 1106 950 1154 genere
978 1092 1192 1139 humano
1213 1092 1333 1139 bene
1358 1094 1620 1141 meruerint
1644 1092 1717 1155 [v.
1746 1095 1838 1141 1-

163 1171 273 1234 54J,
306 1178 643 1233 argumentum
677 1177 781 1218 tum
815 1170 925 1217 libri
956 1171 1274 1232 praecedentis
1306 1172 1481 1235 repetit
1497 1171 1572 1235 [v.
1597 1172 1834 1236 55-671,

162 1256 270 1299 tum
290 1251 401 1298 novi
422 1251 643 1312 adjungit
671 1248 741 1311 [v.
765 1248 1000 1312 68—91J.
1066 1248 1143 1297 Ac
1174 1251 1386 1313 primum
1418 1251 1555 1299 docet
1585 1252 1699 1309 fore,
1722 1252 1832 1299 uni-

160 1346 355 1380 versum
375 1333 610 1379 mundum
638 1347 735 1379 una
756 1339 811 1379 ut
837 1331 994 1379 diruat
1024 1331 1126 1379 dies
1150 1330 1223 1393 [v.
1248 1331 1514 1395 92—110].
1583 1332 1715 1380 Nam
1736 1339 1832 1380 ter—

160 1427 282 1471 ram,
325 1429 470 1470 mare,
516 1412 710 1471 coelum,
755 1413 908 1460 sidera
950 1427 1055 1459 esse
1095 1412 1343 1468 mortalia3
1399 1427 1496 1460 non
1541 1427 1662 1470 esse,
1704 1412 1834 1473 quod

163 1493 312 1541 Stoici
335 1498 579 1555 putarunt,
602 1492 814 1541 animata
843 1492 1012 1555 deique
1045 1492 1195 1554 ipsius
1231 1497 1404 1554 partes,
1433 1506 1537 1550 nec,
1565 1492 1695 1554 quod
1720 1492 1829 1540 vul-

159 1589 255 1635 gus
287 1572 540 1630 existimet,
574 1572 734 1620 sedem
767 1588 823 1620 ac
856 1572 1157 1619 domicilium
1192 1572 1391 1618 deorum
1427 1570 1497 1632 [v.
1534 1571 1828 1634 lli—156}

162 1652 241 1700 Ne
263 1653 372 1714 quis
405 1658 564 1699 autem
593 1652 718 1699 hanc
746 1652 915 1700 mundi
946 1666 1228 1714 compagem
1249 1666 1279 1698 a
1299 1649 1391 1698 diis
1411 1651 1587 1698 saetam
1616 1666 1735 1710 esse,
1755 1660 1828 1701 at-

161 1746 255 1793 que
292 1731 398 1778 ideo
436 1731 754 1780 immortalem
797 1732 974 1789 credat,
1011 1731 1267 1778 Lucretius
1299 1730 1546 1778 contrariae
1578 1734 1829 1781 sententia

159 1816 441 1871 argumenta
474 1817 578 1857 tum
612 1826 640 1858 a
673 1817 844 1858 natura
876 1811 1089 1868 deorum,
1112 1817 1218 1858 tum
1252 1826 1282 1858 a
1310 1811 1480 1859 vitiosa
1511 1812 1681 1859 mundi
1713 1828 1829 1861 con·

158 1889 432 1947 structione,
454 1894 559 1936 tum
592 1891 652 1938 ab
685 1906 740 1938 eo
771 1892 904 1953 petit,
941 1892 1069 1954 quod
1097 1905 1267 1938 omnes
1300 1892 1404 1952 ejus
1433 1897 1593 1953 partes
1623 1892 1830 1941 subinde

156 1970 393 2016 intereant
416 1968 486 2031 [v.
513 1968 805 2031 157—235].
844 1969 972 2017 Nam
998 1970 1127 2017 sieut
1146 1977 1365 2031 quatuor,
1379 1985 1409 2017 e
1432 1970 1606 2032 quibus
1626 1978 1829 2030 constat,

156 2048 407 2104 elementa,
425 2054 565 2103 terra,
584 2063 722 2109 aqua,
742 2050 824 2095 a'e’r
844 2054 891 2095 et
905 2049 1051 2111 ignis,
1063 2055 1111 2096 et
1132 2056 1245 2096 nata
1267 2048 1361 2096 sint
1371 2055 1422 2096 et
1435 2049 1824 2112 exstinguantur-5:

155 2128 226 2175 ita
237 2128 473 2173 mundum
491 2126 653 2188 ipsum
670 2126 929 2189 aliquando
942 2128 1137 2176 initium
1150 2128 1393 2186 habuisse,
1406 2127 1663 2190 aliquando
1680 2129 1827 2178 finem

154 2206 431 2253 habiturum
461 2221 565 2253 esse
590 2204 659 2267 [V.
686 2206 981 2269 236-416}
1051 2207 1279 2269 Sequitur
1298 2208 1604 2269 cosmogonia
1624 2208 1827 2270 Epicuri

158 2283 229 2347 [v.
266 2283 575 2346 417—432];
620 2286 889 2333 seeundum
921 2301 1068 2350 quam
1110 2288 1252 2348 poeta
1284 2286 1342 2333 de
1374 2293 1483 2333 ortu
1524 2286 1827 2348 singularum

155 2366 322 2414 mundi
344 2365 553 2428 partium
578 2381 638 2413 ex
660 2366 894 2428 indigesta
913 2368 1121 2428 quadam
1148 2367 1275 2414 mole
1303 2368 1596 2429 pronuntiat,
1619 2367 1823 2414 eisdem-

156 2461 261 2508 que,
281 2452 423 2507 prout
442 2445 683 2507 graviores
703 2446 1000 2508 levioresque
1022 2452 1153 2501 sunt,
1168 2446 1312 2492 eedes
1343 2460 1454 2492 sues
1473 2452 1521 2491 et
1539 2444 1670 2491 locos
1689 2445 1824 2490 attri-

155 2525 260 2571 buit
283 2523 353 2586 [ν.
381 2524 662 2585 433—509]
682 2542 693 2572 ε
728 2525 898 2571 deinde
921 2525 978 2571 de
1002 2524 1116 2571 coeli
1138 2524 1441 2583 siderumque
1469 2520 1680 2568 motibus
1704 2521 1823 2567 duae

156 2604 290 2653 affert
322 2603 570 2666 opiniones
591 2602 669 2665 [v.
690 2602 971 2663 olo—534]
993 2621 1004 2649 :
1043 2604 1187 2649 docet
1218 2615 1373 2661 porro,
1391 2612 1491 2659 quo
1521 2598 1664 2644 modo
1683 2604 1822 2644 terrae
