2084 3000
766 185 983 240 LIBER
1019 188 1337 244 TERTIUS.

210 285 419 354 Quippe
443 284 758 339 volubilibus
782 287 1060 356 parvisque
1079 294 1255 341 creata
1276 289 1474 357 figuris.

207 355 285 407 At
308 360 491 407 contra
513 355 684 406 mellis
708 357 1032 410 constantior
1056 363 1135 409 est
1158 364 1363 424 natura,

207 423 281 475 Et
303 423 443 491 pigri
465 423 647 475 latices
670 425 853 491 magis,
878 430 930 477 et
955 426 1289 479 cunctantior
1311 433 1476 481 actus.

208 492 393 544 Haeret
417 491 559 544 enim
581 492 720 544 inter
745 510 798 544 se
820 494 987 560 magis
1011 494 1179 547 omnis
1201 496 1444 547 materiai

208 560 405 630 Copia3
439 560 689 613 nimirum
713 562 840 629 quia.
861 579 967 614 non
991 569 1103 614 tam
1126 562 1345 615 laevibus
1369 568 1545 617 exstat

209 629 535 697 Corporibus,
558 646 730 696 neque
755 637 865 682 tam
890 630 1171 682 subtilibus
1194 637 1353 699 atque
1375 633 1629 686 rotundis.

206 698 450 765 Namque
472 697 760 766 papaveris„
782 713 915 750 aura
937 704 1111 766 potest
1133 716 1382 766 suspensa
1404 699 1637 769 levisque

209 766 417 833 Cogere,
440 773 504 818 ut
526 766 593 818 ab
619 784 819 819 summo
843 767 942 819 tibi
966 767 1172 819 diffluat
1200 767 1341 819 altus
1364 785 1578 821 acervus
1597 789 1613 834 3

208 835 285 886 At
309 842 491 887 contra
513 834 751 904 lapidum
774 838 1069 904 conjectum
1094 836 1458 904 spicarumque

206 903 261 955 N
262 921 366 956 enu
389 909 592 972 potest:
628 905 794 971 igitur
816 905 1124 973 parvissima
1147 921 1361 972 corpora.
1385 920 1476 973 pro
1499 923 1659 975 quam

211 972 285 1024 Et
307 972 588 1024 laevissima.
611 980 751 1040 sunt,
769 973 856 1025 ita
874 971 1172 1026 mobilitate
1195 973 1459 1027 fruuntur.

206 1041 284 1092 At
306 1047 490 1093 contra.
512 1056 855 1122 quaecumque
878 1042 1048 1109 magis
1074 1059 1195 1093 cum
1220 1043 1446 1110 pondere
1467 1060 1676 1113 magno,

206 1108 282 1161 As
321 1126 510 1177 eraque
529 1110 890 1176 mveniuntur,
914 1127 973 1162 eo
997 1110 1233 1164 stabilita
1256 1112 1423 1178 magis
1441 1122 1585 1166 sunt.

331 1195 434 1230 unc
456 1178 636 1245 igitur,
661 1179 912 1247 quoniam
935 1184 1014 1231 est
1034 1178 1203 1231 animi
1221 1186 1418 1233 natura
1439 1187 1646 1250 reperta

205 1244 421 1298 Mobilis
445 1248 665 1315 egregie,
688 1263 940 1316 perquam
963 1253 1198 1299 constare
1221 1264 1428 1300 necesse
1452 1258 1531 1303 est

206 1314 518 1382 Corporibus
541 1315 714 1384 parvis
738 1321 792 1367 et
816 1315 1031 1368 laevibus
1055 1322 1215 1383 atque
1237 1317 1491 1370 rotundis.

207 1382 338 1446 Quae
362 1383 462 1434 tibi
485 1384 697 1450 cognita
717 1400 799 1435 res
822 1384 880 1435 in
900 1385 1102 1451 multis,
1126 1401 1156 1436 o
1180 1385 1327 1452 bone,
1350 1385 1507 1438 rebus

206 1451 369 1504 Utilis
393 1451 706 1520 invenietur,
729 1458 784 1505 et
807 1458 1103 1522 opportuna.
1125 1453 1336 1508 cluebit.

277 1521 410 1573 Haec
432 1538 641 1590 quoque
664 1539 744 1574 res
767 1522 928 1574 etiam
951 1528 1198 1576 naturam
1221 1522 1430 1575 dedicat
1454 1525 1581 1591 ejus,

206 1588 380 1652 Quam
402 1590 551 1642 tenui
575 1595 779 1658 constet
800 1597 1050 1655 textui-223
1087 1607 1349 1659 quamque
1372 1590 1484 1643 loco
1505 1609 1562 1643 se

207 1658 486 1710 Continent
546 1675 683 1725 arvo,
708 1659 753 1710 si
774 1659 938 1727 possit
961 1659 1369 1727 conglomerari:

207 1726 374 1794 Quod,
399 1722 498 1778 sim
576 1732 736 1795 ¹utque
754 1727 1023 1779 hominem
1047 1728 1143 1780 leti
1165 1743 1348 1779 secura
1371 1726 1516 1795 quies
1540 1733 1620 1781 est

207 1793 340 1852 Inde
378 1801 450 1861 ta,
474 1801 636 1863 atque
659 1796 822 1847 animi
846 1808 1039 1848 natura.
1062 1796 1356 1863 animaeque
1375 1797 1603 1864 recessit,

205 1862 299 1914 Nil
321 1864 342 1915 i
378 1864 398 1915 i
420 1863 646 1915 libatum
670 1864 734 1916 de
758 1870 869 1916 toto
893 1881 1102 1933 corpore
1126 1881 1307 1917 cernas

205 1929 291 1983 Ad
316 1932 554 1999 speciem,
578 1932 746 1984 niltad
770 1932 1004 2000 pondus:
1039 1950 1178 1985 mors
1202 1933 1378 1986 omnia
1399 1939 1631 2002 praestat,

207 1998 440 2052 Vitalem
463 2006 651 2069 praeter
675 2017 881 2053 sensum
905 2001 1238 2069 calidumque
1261 2018 1520 2069 vaporem.

275 2068 413 2135 Ergo
437 2069 669 2120 animam
691 2074 859 2121 totam
881 2070 1150 2138 perparvis
1173 2087 1283 2122 esse
1306 2086 1513 2122 necesse
1536 2076 1616 2123 est

204 2134 515 2202 Seminibus,
538 2153 732 2188 nexam
753 2154 847 2217 per
867 2152 1041 2204 venas,
1065 2138 1279 2205 viscera,
1302 2154 1518 2191 nervos:

205 2205 479 2267 Quatenus
498 2205 669 2257 omnis
691 2205 783 2256 ubi
808 2221 836 2256 e
860 2210 971 2258 toto
987 2207 1102 2272 jam
1126 2222 1335 2273 corpore
1359 2207 1527 2273 cessit,

203 2272 422 2325 Extima
443 2272 790 2325 membrorum
815 2274 1211 2326 circumcaesura.
1233 2279 1412 2326 tamen
1435 2291 1490 2325 se

205 2339 528 2393 Incolumem
551 2346 781 2409 praestat,
804 2358 902 2392 nec
926 2340 1319 2409 defitponderis
1342 2342 1544 2394 hilum:

206 2408 361 2469 Quod
385 2427 551 2477 genus
570 2416 670 2476 est,
694 2409 889 2461 Bacchi
913 2426 1076 2477 quum
1098 2410 1192 2463 flos
1217 2411 1446 2477 evanuit,
1469 2416 1566 2463 aut
1588 2426 1710 2462 cum

204 2477 434 2545 Spiritus
458 2478 715 2546 unguenti
730 2478 912 2531 suavis
936 2477 1065 2529 diffu
1107 2479 1149 2530 ‘t
1172 2480 1231 2530 in
1254 2484 1424 2547 auras,

204 2548 317 2598 Aut
340 2546 513 2613 aliquo
538 2563 702 2614 quum
720 2549 834 2615 jam
858 2563 1042 2599 succus
1105 2564 1133 2599 e
1157 2564 1367 2615 corpore
1391 2546 1575 2599 cessit:

203 2614 296 2667 Nil
320 2614 482 2666 oculis
505 2621 684 2667 tamen
699 2632 816 2667 esse
837 2615 1009 2667 minor
1028 2631 1113 2667 res
1134 2616 1251 2683 ipsa
1273 2615 1483 2667 videtur

206 2683 503 2753 Propterea,
525 2700 696 2752 neque
719 2684 1016 2737 detractum
1039 2684 1106 2735 de
1128 2683 1354 2751 pondere
1377 2682 1658 2751 quidquam
1680 2700 1698 2747 ς

1784 911 1888 960 200

1778 1594 1882 1645 210

1773 2278 1879 2326 220
