2084 3000
720 191 936 245 LIBER
972 190 1294 256 QUINTUS.
1745 187 1848 241 177

168 295 348 360 Quum
369 294 558 360 metus,
573 297 668 357 aut
691 291 838 343 dolor
854 295 947 357 est,
967 296 1021 344 et
1046 308 1211 359 quum
1226 292 1341 359 jam
1364 289 1560 357 gaudia
1582 288 1847 357 gliscunt?

169 365 378 431 Quippe
403 363 597 414 etenim
620 362 744 412 licet
767 359 824 412 in
848 361 1000 412 rebus
1026 376 1331 428 cognoscere
1355 360 1563 427 apertiS.
1716 361 1846 410 1061

243 432 460 483 Irritata
483 446 673 482 canum
697 446 860 496 quum
883 430 1115 497 primum
1137 445 1331 496 magna
1355 428 1645 479 Molossum

174 500 365 553 Mollia
385 501 521 551 ricta
543 500 793 562 fremunt,
818 498 973 549 duros
997 498 1257 549 nudantia
1281 497 1481 564 dentes,

171 571 352 637 Longe
375 569 479 621 alio
503 567 679 619 sonitu
701 566 846 619 rabie
869 567 1123 618 distracta
1144 567 1447 629 minantur3

172 640 247 691 Et
270 654 432 706 quum
449 639 564 705 jam
586 635 801 702 latrant,
821 641 874 687 et
898 635 1112 686 vocibus
1136 635 1311 685 omnia
1335 634 1612 703 complent.

174 708 251 759 At
275 706 476 759 catulos
500 704 691 757 blande
716 721 880 771 quum
903 703 1090 770 lingua
1111 702 1341 754 lambere
1366 708 1593 768 tentant,

175 777 288 828 Aut
311 774 404 827 ubi
428 790 514 835 eos
539 773 744 825 lactant
767 772 1002 840 pedibus,
1026 787 1302 838 morsuque
1325 778 1565 839 petentes

177 843 454 912 Suspensis
478 848 680 894 teneros
703 842 984 893 imitantur
1008 840 1255 891 dentibus
1279 840 1518 907 haustus,

178 914 359 980 Longe
381 911 485 964 alio
508 916 662 979 pacto
685 910 912 977 gannitu
936 909 1077 962 vocis
1101 908 1353 972 adulant3

178 982 253 1034 Et
277 997 440 1049 quum
462 979 654 1031 deserti
678 978 979 1031 baubantur
1002 978 1062 1029 in
1086 976 1297 1045 aedibus,
1322 982 1419 1030 aut
1443 994 1604 1046 quum
1720 977 1856 1030 1070

181 1051 456 1103 Plorantes
478 1048 696 1115 fugiunt
720 1046 973 1100 submisso
998 1064 1210 1115 corpore
1232 1046 1429 1115 plagas.

254 1118 495 1186 Denique
517 1134 624 1169 non
647 1116 889 1168 hinnitus
913 1117 1043 1168 item
1067 1116 1274 1167 differre
1290 1116 1515 1182 videtur,

184 1188 335 1240 Inter
358 1203 516 1254 equas
539 1185 633 1238 ubi
655 1202 821 1253 equus
844 1185 1054 1237 florenti
1078 1190 1237 1237 aetate
1252 1187 1512 1253 juvencus

186 1255 461 1322 Pinnigeri
485 1253 635 1306 saevit
658 1250 946 1310 calcaribus
969 1254 1109 1306 ictus
1132 1253 1337 1320 amoris,

184 1325 258 1377 Et
280 1324 552 1376 fremitum
573 1324 771 1391 patulis
795 1323 892 1374 sub
915 1323 1132 1375 naribus
1157 1323 1267 1374 edit
1290 1322 1359 1375 ad
1382 1338 1543 1388 arma,

185 1393 260 1446 Et
283 1410 446 1461 quum
470 1393 543 1443 sic
567 1393 696 1444 alias
720 1392 982 1444 concussis
1005 1391 1227 1444 artubus
1250 1390 1460 1442 hinnit?

257 1462 538 1527 Postrem0‚
563 1478 729 1528 genus
752 1461 981 1513 alituum
1005 1460 1264 1529 variaeque
1286 1460 1536 1528 volucreS‚

187 1531 480 1599 Accipitres
502 1536 661 1598 atque
685 1531 949 1597 ossifragae
972 1531 1255 1598 mergique,
1280 1530 1497 1581 marinis

189 1600 467 1652 Fluctibus
490 1599 548 1650 in
572 1600 705 1659 salso
729 1600 933 1652 victum
956 1600 1225 1666 vitamque
1248 1604 1502 1668 petentes,

189 1669 369 1736 Longe
392 1668 522 1720 alias
545 1668 649 1721 alio
668 1669 878 1737 jaciunt
900 1669 959 1720 in
982 1674 1216 1734 tempore
1238 1684 1402 1733 voces,
1732 1669 1867 1718 1080

189 1737 265 1789 Et
290 1754 455 1804 quum
478 1737 544 1789 de
567 1737 714 1791 victu
737 1742 956 1804 certant,
980 1736 1262 1804 praedaque
1284 1740 1601 1803 repugnant.

193 1806 266 1858 Et
289 1805 485 1874 partim
507 1811 722 1858 mutant
745 1823 866 1858 cum
888 1805 1291 1873 tempestatibus
1314 1822 1422 1856 una

196 1874 515 1927 Raucisonos
538 1880 724 1927 cantus
748 1875 1013 1927 cornicum
1039 1873 1196 1925 saecla
1217 1878 1429 1926 vetusta

196 1944 582 2010 corvorumque
605 1961 802 2011 greges,
825 1942 921 1995 ubi
943 1960 1136 2010 aquam
1158 1942 1411 1994 dicuntur
1434 1948 1489 1994 et
1512 1941 1701 1995 imbres

196 2012 430 2077 Poscere,
454 2017 508 2063 et
530 2011 798 2064 interdum
820 2016 1003 2064 ventos
1026 2028 1284 2078 aurasque
1309 2028 1507 2066 vocare.

197 2080 355 2147 Ergo,
379 2080 423 2131 si
447 2080 581 2132 varii
604 2097 783 2132 sensus
807 2079 1059 2132 animalia
1082 2085 1294 2146 cogunt,

198 2149 357 2200 Muta
380 2153 558 2200 tamen
582 2165 745 2216 quum
768 2148 890 2214 sint,
913 2148 1085 2200 varias
1109 2148 1347 2201 emittere
1370 2166 1550 2212 voces;

202 2216 412 2280 Quanto
434 2218 678 2269 mortales
700 2217 869 2284 magis
893 2233 1103 2283 aequum
1126 2222 1206 2268 est
1230 2222 1346 2268 tum
1369 2219 1600 2286 potuisse

200 2283 491 2337 Dissimiles
514 2284 620 2338 alia
642 2291 802 2353 atque
825 2285 930 2337 alia
951 2302 1034 2337 res
1058 2302 1183 2338 voce
1205 2286 1421 2338 notare?

273 2352 419 2404 Illud
441 2354 499 2404 in
522 2354 605 2406 his
627 2353 782 2406 rebus
805 2354 1002 2406 tacitus
1026 2370 1094 2405 ne
1116 2355 1253 2406 forte
1274 2356 1523 2423 requiras,
1735 2356 1872 2405 1090

203 2420 430 2473 Fulmen
453 2422 646 2474 detulit
668 2422 727 2473 in
750 2429 914 2474 terras
939 2423 1247 2475 mortalibus
1270 2423 1448 2490 ignem

204 2489 490 2552 Primitus3
524 2490 649 2543 inde
672 2492 839 2543 omnis
862 2490 1194 2543 flammarum
1218 2493 1420 2544 diditur
1442 2492 1608 2544 ardor.

206 2557 384 2610 Multa
406 2557 643 2611 videmus
667 2560 808 2618 enim
831 2558 1132 2613 coelestibus
1154 2561 1321 2613 incita
1342 2560 1568 2611 fiammis

208 2625 448 2694 Fulgere‚
472 2644 638 2694 quum
661 2627 778 2680 coeli
801 2627 1018 2679 donavit
1041 2627 1201 2708 plaga
1224 2644 1452 2695 vapores.

209 2694 282 2747 Et
304 2711 508 2749 ramosa
530 2700 710 2749 tamen
734 2712 897 2764 quum
918 2701 1094 2750 ,ventls
1117 2697 1270 2768 pulsa
1293 2694 1547 2748 vacillans

1019 2779 1059 2818 ιτ
