2084 3000
265 188 329 238 60
907 184 963 237 Τ.
1000 183 1335 237 LUORE'HI

875 331 1076 386 Colores
1097 349 1207 386 non
1230 349 1342 386 esse.

259 416 483 471 Proinde
506 415 673 469 colore
697 432 822 469 cave
846 417 1119 485 contingas
1144 417 1343 469 semina
1364 433 1570 481 rerum3

256 486 309 538 N
310 503 339 538 e
363 485 462 538 tibi
484 502 566 538 res
588 484 806 537 redeant
829 485 897 537 ad
914 485 1086 537 nilum
1108 485 1350 537 funditus
1374 501 1566 539 omnes.

327 554 600 620 Praeterea,
625 553 670 605 si
692 553 841 605 nulla
863 552 1046 605 coloris
1069 553 1341 621 principiis
1366 558 1447 606 est

256 621 485 674 Reddita
507 627 714 688 natura,
739 627 793 673 et
816 621 974 674 variis
999 627 1125 673 sunt
1146 622 1586 689 praedita-formis,

253 688 303 743 E
327 690 514 759 quibus
537 689 837 757 omnigenos
860 689 1091 756 gignunt
1114 689 1425 758 variantque
1449 690 1673 744 colores:

255 757 517 811 Praeterea
538 758 720 826 magni
743 757 882 826 quod
905 758 1078 823 refert,
1104 758 1304 810 semina
1326 775 1549 827 quaeque

256 827 390 878 Cum
412 827 602 895 quibus
625 832 679 878 et
703 825 848 894 quali
870 826 1107 894 positura
1130 826 1514 893 contineantur,
1827 828 1933 880 760

252 892 328 946 Et
388 911 480 946 uos
502 895 642 947 inter
665 911 719 946 se
741 894 870 946 dent
893 902 1065 945 motus
1088 893 1200 946 acci
1238 894 1481 964 iantque:

253 911 510 1015 Perllmile
534 961 798 1030 extemplo
820 962 1078 1014 rationem
1101 962 1193 1014 red
1231 980 1316 1014 ere
1339 963 1517 1031 possis,

256 1030 362 1082 Cur
384 1047 460 1097 ea,
486 1046 602 1098 quae
625 1030 776 1097 nigro
798 1030 998 1082 fuerint
1021 1030 1182 1099 paulo
1206 1036 1330 1083 ante
1355 1031 1537 1098 colore,

252 1096 545 1151 Marmoreo
567 1098 682 1150 fieri
705 1099 905 1167 possint
928 1099 1152 1151 candore
1174 1104 1418 1167 repente:

255 1165 331 1219 Ut
353 1183 511 1235 mare,
536 1184 699 1234 quum
721 1167 901 1234 magni
925 1171 1251 1219 commorunt
1276 1184 1319 1219 ω
1359 1184 1485 1220 uora
1508 1167 1669 1233 venti,

253 1231 496 1288 Vertitur
517 1236 575 1287 in
599 1252 754 1287 canos
777 1234 1027 1287 candenti
1049 1251 1304 1287 marmore
1366 1240 1535 1288 uetus·

253 1303 440 1355 Dicere
463 1304 604 1356 enim
627 1304 789 1372 possis
812 1304 1037 1371 nigrum,
1064 1303 1201 1370 quod
1226 1320 1364 1372 saepe
1386 1303 1644 1371 videmus,

252 1371 501 1425 Materies
523 1371 617 1424 ubi
638 1371 901 1440 permixta
924 1377 1003 1422 est
1024 1371 1185 1438 illius,
1209 1377 1264 1424 et
1287 1371 1411 1424 ordo

251 1437 531 1511 Principiis
554 1445 806 1506 mutatus,
830 1445 885 1491 et
907 1439 1092 1492 addita
1115 1439 1429 1509 demptaque
1487 1440 1705 1509 uaedam,

253 1509 512 1563 Continuo
533 1510 590 1562 id
612 1509 739 1576 fieri,
765 1515 826 1562 ut
849 1509 1077 1562 candens
1099 1508 1343 1562 videatur
1366 1515 1421 1561 et
1443 1527 1476 1563 a
1499 1510 1638 1563 bum.
1822 1513 1928 1566 770

253 1579 405 1642 Quod
429 1578 474 1630 si
497 1578 730 1631 caeruleis
754 1581 1051 1630 constarent
1076 1594 1283 1644 aequora
1305 1578 1456 1645 ponti

252 1645 560 1715 Seminibus,
584 1647 732 1699 nullo
754 1651 964 1715 possent
987 1645 1243 1698 albescere
1266 1651 1453 1713 pacto:
2076 1653 2078 1720 γ

250 1715 391 1767 Nam
414 1732 738 1784 quocumque
760 1715 914 1766 modo
937 1714 1223 1782 perturbes,
1246 1713 1439 1766 caerula
1462 1731 1575 1782 quae
1600 1715 1706 1768 sint
2077 1727 2078 1730 ’

250 1777 379 1835 Nun
413 1800 536 1835 uam
559 1784 616 1835 in
639 1799 986 1834 marmoreum
1010 1788 1227 1850 possunt
1250 1782 1475 1849 migrare
1498 1783 1734 1837 colorem.

252 1849 346 1902 Sin
369 1801 473 1903 zio
496 1856 653 1918 atque
675 1849 780 1901 alio
804 1855 928 1901 sunt
952 1851 1151 1902 semina
1172 1851 1345 1903 tincta
1368 1851 1549 1919 colore,

253 1918 381 1982 Quae
403 1919 562 1971 maris
586 1917 822 1970 efficiunt
844 1934 1010 1969 unum
1032 1935 1227 1986 purum
1265 1936 1328 1971 ue
1351 1919 1604 1973 nitorem:

252 1980 328 2038 'Ut
352 2003 487 2055 saepe
509 2004 578 2038 ex
601 1985 719 2038 aliis
741 1985 921 2037 formis
944 1986 1205 2055 variisque
1265 1988 1409 2054 guris

227 2054 491 2107 'Efficitur
512 2054 765 2122 quiddam
788 2054 1118 2121 quadratum,
1141 2072 1353 2123 unaque
1375 2056 1547 2123 figura
1556 2059 1597 2110 ¹²:

251 2122 616 2188 Conveniebat,
641 2123 721 2175 uti
743 2123 800 2174 in
828 2123 1083 2190 quadrato
1107 2124 1367 2175 cernimus
1392 2141 1502 2177 esse

250 2191 539 2244 Dissimiles
562 2191 754 2243 formas
773 2209 788 2255 3
824 2192 903 2243 ita
925 2208 1135 2243 cernere
1157 2192 1214 2242 in
1239 2209 1442 2260 aequore
1465 2194 1631 2261 ponti,
1825 2194 1923 2248 780

253 2260 365 2313 Aut
388 2260 492 2312 alio
514 2260 573 2312 in
596 2260 776 2327 quovis
798 2276 905 2312 uno
928 2275 1164 2329 puroque
1187 2259 1370 2326 nitore,

248 2327 538 2381 Dissimiles
560 2328 715 2396 longe
735 2329 877 2381 inter
900 2345 968 2395 se,
992 2328 1265 2396 variosque
1288 2328 1494 2382 colores.

319 2397 593 2465 Praeterea,
617 2397 753 2449 nihil
777 2396 1014 2449 officiunt
1036 2396 1351 2463 obstantque
1373 2397 1559 2464 figurae

249 2465 552 2533 Dissimiles,
577 2482 680 2534 quo
703 2465 1019 2534 quadratum
1039 2464 1218 2516 minus
1242 2481 1393 2517 omne
1417 2465 1487 2517 sit
1511 2471 1688 2518 extra:

249 2534 324 2587 At
346 2535 480 2588 varii
502 2551 676 2587 rerum
698 2533 993 2601 impediunt
1016 2532 1399 2600 prohibentque
1423 2534 1630 2601 colores,

251 2602 365 2665 Quo
387 2603 562 2654 minus
586 2619 695 2655 esse
718 2618 824 2653 uno
848 2600 1011 2668 possit
1032 2616 1115 2651 res
1139 2605 1254 2652 tota
1276 2602 1461 2655 nitore.

771 2694 791 2721 ὓ
817 2706 984 2744 unaque
1003 2695 1140 2747 figura
1158 2698 1245 2742 est5
1274 2695 1369 2735 MS.
