2084 3000
813 203 1027 259 LIBER
1062 201 1337 259 SEXTUS.
1810 205 1912 258 20⁷

233 307 396 360 'l'ecta
419 324 639 376 superne
662 307 868 374 timent,
892 313 1137 359 metuunt
1160 307 1378 374 inferne,
1403 319 1652 359 cavernas

235 376 416 429 'l'erra‘i
441 394 508 429 ne
533 377 785 429 dissoluat
809 381 1001 428 natura
1023 382 1265 445 repente;

231 444 352 497 Neu
377 446 628 497 distracta
652 463 804 497 suum
826 446 934 497 late
958 445 1239 513 dispandat
1262 444 1485 512 hiatum,

233 513 402 581 quue
427 514 533 565 suis
557 515 774 566 confusa
796 514 925 567 velit
950 514 1209 581 complere
1229 514 1411 567 ruinis.
1807 513 1911 564 600

305 582 542 650 Proinde,
566 583 691 635 licet
716 582 954 650 quamvis
978 582 1170 634 coelum
1192 588 1492 651 terramque
1515 584 1736 635 reantur

232 651 550 719 Incorrupta
572 652 697 717 fore,
716 656 930 703 -aeternae
953 651 1206 702 mandata
1230 651 1418 714 saluti3

229 720 304 775 Et
328 724 507 772 tamen
530 721 798 772 interdum
821 736 1053 788 praesens
1071 720 1151 771 vis
1175 718 1288 787 ipsa
1310 719 1494 788 pericli

229 788 505 845 Subditatst
529 789 671 844 hunc
695 788 968 841 stimulum
993 788 1221 856 quadam
1245 788 1309 840 de
1334 794 1484 856 parte
1507 788 1727 855 timoris,

228 855 312 908 Ne
336 857 554 924 pedibus
577 858 773 925 raptim
796 858 956 910 tellus
981 857 1253 909 subtracta
1274 857 1478 909 feratur

229 925 296 978 In
321 924 643 992 barathrum,
668 943 946 994 rerumque
971 931 1222 994 sequatur
1244 926 1453 1006 prodita
1475 941 1683 978 summa

228 993 508 1063 Funditus,
533 1001 587 1048 et
605 995 704 1051 fiat
726 996 912 1050 mundi
936 997 1154 1049 confusa
1176 1012 1343 1048 ruma.

671 1113 845 1179 Quare
867 1131 1012 1167 mare
1034 1114 1209 1182 majus
1230 1113 1470 1182 nonfiat.

287 1192 484 1262 [Nunc
504 1197 643 1250 ratio
662 1198 946 1264 reddenda,
970 1214 1198 1264 augmen
1222 1214 1314 1249 cur
1335 1198 1537 1250 nesciat
1561 1214 1739 1266 aequor
1755 1197 1828 1268 ¹¹.]

226 1261 509 1333 Principio,
532 1281 676 1317 mare
698 1267 962 1320 mirantur
982 1283 1092 1316 non
1114 1266 1329 1317 reddere
1352 1268 1524 1333 majus

224 1330 502 1399 Naturam,
530 1350 633 1401 quo
659 1333 727 1389 sit
752 1338 934 1386 tantus
959 1333 1207 1385 decursus
1232 1349 1503 1401 aquarum,
1795 1339 1898 1389 610
1950 1383 1957 1392 ,

225 1400 415 1454 Omnia
439 1417 543 1468 quo
566 1401 783 1454 veniant
806 1418 872 1453 ex
896 1403 1039 1454 omni
1062 1401 1283 1453 flumina
1306 1407 1470 1469 parte.

222 1468 376 1523 Adde
400 1487 557 1538 vagos
575 1469 787 1537 imbres,
813 1475 1252 1539 tempestatesque
1276 1469 1541 1534 volantes;

223 1538 416 1590 Omnia
441 1557 556 1606 quse
583 1539 747 1591 maria
770 1556 831 1591 ac
856 1546 1020 1591 terras
1046 1545 1404 1607 sparguntque
1427 1539 1722 1607 rigantque.

220 1607 373 1659 Adde
398 1625 516 1660 suos
540 1609 739 1661 fontes:
765 1613 944 1660 tamen
969 1608 1037 1660 ad
1061 1609 1221 1661 maris
1247 1607 1425 1660 omnia
1448 1624 1710 1660 summam

222 1676 410 1728 Gutta'i
434 1677 526 1729 vix
551 1677 718 1732 instar
740 1682 896 1730 erunt
920 1677 1075 1731 unius
1098 1675 1167 1728 ad
1191 1692 1431 1743 augmen.

222 1744 336 1809 Quo
359 1746 535 1797 minus
560 1750 640 1797 est
661 1745 870 1812 mirum,
892 1762 1036 1797 mare
1061 1761 1166 1799 non
1190 1761 1466 1811 augescere
1488 1761 1757 1812 magnum.

291 1814 562 1895 Iffraeterea,
586 1831 835 1895 magnam
859 1814 935 1865 sol
959 1818 1163 1882 partem
1187 1813 1419 1867 detrahit
1444 1818 1594 1867 aestu,

217 1881 1580 2006 322?ssss{32332253333ffi320ffl0¹²¹⁵⁶⁵

216 2018 292 2071 At
314 2021 496 2089 pelage
519 2022 691 2075 multa
714 2027 768 2074 et
791 2022 899 2074 late
923 2021 1187 2073 substrata
1211 2020 1461 2075 videmus,
1790 2024 1894 2076 620

221 2087 459 2156 Proinde,
485 2090 610 2142 licet
633 2090 873 2158 quamvis
897 2107 964 2141 ex
988 2106 1300 2161 unoquoque
1323 2089 1435 2142 loco
1459 2089 1535 2142 sol

217 2155 466 2209 Humoris
489 2175 706 2226 parvam
729 2158 924 2210 delibet
948 2158 1014 2209 ab
1038 2174 1243 2225 aequore
1267 2164 1502 2226 partem;

214 2224 453 2293 Largiter
476 2227 534 2278 in
557 2231 708 2278 tanto
732 2227 903 2294 spatio
925 2230 1105 2279 tamen
1128 2227 1332 2278 auferet
1354 2227 1525 2280 undis.

284 2294 421 2345 Tum
445 2312 610 2362 porro,
634 2296 783 2347 venti
805 2311 1011 2363 quoque
1033 2311 1282 2361 magnam
1305 2296 1487 2347 tollere
1510 2299 1716 2364 partem

214 2359 464 2413 Humoris
488 2368 721 2431 possunt,
745 2368 1009 2415 verrentes
1035 2379 1241 2430 aequora
1263 2364 1440 2431 ponti:

214 2428 333 2481 Una
355 2436 508 2482 nocte
530 2432 642 2483 vias
666 2433 912 2499 quoniam
935 2448 1164 2499 persaepe
1188 2431 1426 2484 videmus

212 2497 423 2564 siccari,
447 2499 720 2566 mollisque
743 2500 847 2551 luti
870 2516 1196 2551 concrescere
1219 2507 1434 2553 crustas.

280 2565 555 2634 Praeterea,
581 2567 734 2619 docui
756 2568 986 2619 multum
1009 2584 1217 2636 quoque
1240 2568 1421 2621 tollere
1444 2567 1610 2621 nubes

213 2634 518 2701 Humorem,
540 2651 731 2702 magno
755 2642 1067 2705 conceptum
1090 2653 1157 2689 ex
1180 2653 1381 2705 aequore
1405 2638 1554 2703 ponti
1566 2655 1583 2701 ς

370 2717 382 2746 ¹
413 2720 564 2760 subdit
582 2725 646 2770 εἰς
677 2720 773 2762 MS.
1365 2720 1385 2747 ¹
1413 2723 1540 2764 Deest
1556 2724 1600 2763 in
1620 2723 1716 2765 MS.
