2084 3000
719 167 935 221 LIBER
971 168 1311 234 QUARTUS.
1755 178 1857 228 113

167 268 241 323 Et
266 268 416 338 quasi
438 269 639 338 protelo
663 268 968 323 stimulatur
989 270 1203 338 fulgure
1226 271 1420 340 fulgur.

168 338 499 408 Quapropter
521 337 802 391 simulacra
824 340 941 407 pari
963 339 1168 393 ratione
1191 358 1399 394 necesse
1423 346 1504 394 est

168 406 586 461 Immemorabile
609 424 703 475 per
727 407 955 476 spatium
980 413 1333 462 transcurrere
1356 428 1506 478 posse

166 475 435 545 Temporis
458 476 515 528 in
539 481 764 544 puncto;
800 476 1045 544 primum,
1070 478 1210 547 quod
1234 478 1456 547 parvula
1481 497 1640 532 causa

164 543 264 597 Est
287 543 470 614 procul
493 561 526 597 a
548 550 710 613 tergo,
736 561 851 613 quae
876 546 1129 614 provehat
1151 553 1310 615 atque
1334 548 1622 617 propellat;

164 612 386 680 Deinde,
410 612 549 683 quod
573 630 738 683 usque
762 614 891 667 adeo
915 619 1129 668 textura
1152 616 1374 683 praedita
1395 634 1515 670 rara

163 681 477 749 Mittuntur,
499 682 657 736 facile
681 688 742 736 ut
766 683 974 751 quasvis
998 688 1274 752 penetrare
1299 692 1497 754 queant
1520 703 1617 754 res,

164 749 237 804 Et
259 751 411 820 quasi
434 768 740 820 permanare
764 769 857 820 per
880 752 1017 804 aeris
1039 752 1395 807 intervallum.

233 819 509 888 Praeterea,
533 820 593 887 si,
617 837 737 889 quoe
760 820 971 889 penitus
996 821 1306 902 corpuscula
1328 838 1505 881 rerum

163 887 250 941 Ex
273 888 484 958 altoque
506 888 645 943 foras
668 890 972 957 mittuntur,
997 889 1120 943 sohs
1145 891 1226 943 uti
1248 890 1359 956 lux,
1745 897 1852 949 200

163 956 244 1010 Ac
266 974 440 1026 vapor,
465 957 579 1011 haec
602 964 801 1027 puncto
826 964 1117 1012 cernuntur
1137 960 1286 1028 lapsa
1310 960 1416 1013 diei

161 1024 267 1079 Per
288 1031 462 1080 totum
485 1026 605 1080 coeli
630 1026 863 1096 spatium
888 1027 1183 1082 diffundere
1207 1046 1316 1082 sese
1339 1048 1354 1094 3

161 1093 210 1148 P
301 1111 370 1148 ue
391 1095 568 1149 volare
590 1112 749 1162 mare,
773 1113 836 1149 ac
860 1101 1038 1164 terras,
1064 1097 1358 1166 coelumque
1381 1098 1553 1167 rigare

338 1181 527 1232 supera
548 1170 657 1229 est3
691 1163 785 1217 ubi
808 1170 920 1218 tam
945 1165 1144 1219 volucri
1166 1167 1385 1220 levitate
1406 1168 1663 1225 feruntur.

252 1232 338 1285 ’d‘e
373 1249 490 1303 quae
515 1238 639 1287 sunt
661 1233 828 1301 igitur
846 1235 961 1301 ⁸iam
983 1235 1155 1303 prima
1176 1236 1234 1288 in
1257 1236 1432 1290 fronte
1454 1244 1657 1307 parata,

163 1301 341 1367 Quum
356 1301 645 1370 jaciuntur,
669 1306 724 1354 et
747 1302 993 1357 emissum
1014 1320 1098 1356 res
1121 1304 1271 1357 nulla
1293 1311 1544 1374 moratur,

162 1369 347 1435 Quone
369 1370 514 1426 vides
537 1371 695 1424 citius
719 1370 904 1424 debere
928 1376 983 1424 et
1006 1372 1213 1441 longius
1237 1374 1340 1426 ire:

160 1437 554 1511 Multiplexque
576 1439 679 1494 loci
702 1440 935 1509 spatium
959 1446 1310 1497 transcurrere
1335 1442 1515 1496 eodem

161 1508 428 1578 Tempore,
453 1526 555 1578 quo
579 1510 699 1563 solis
724 1510 1041 1579 pervulgant
1064 1510 1269 1565 lumina
1292 1511 1516 1565 ccelqu

230 1577 349 1631 Hoc
371 1579 533 1632 etiam
555 1579 614 1631 in
637 1578 820 1650 primis
844 1579 1109 1651 specimen
1133 1598 1314 1633 verum
1338 1597 1447 1633 esse
1470 1581 1694 1650 videtur,
1736 1585 1841 1637 210

159 1646 333 1712 Quam
356 1647 511 1701 celeri
533 1654 685 1701 motu
705 1665 884 1701 rerum
907 1648 1192 1704 simulacra
1214 1649 1471 1717 ferantur,

158 1714 325 1783 Quod,
350 1716 506 1771 simul
530 1733 592 1771 ac
614 1717 847 1787 primum
870 1716 967 1770 sub
991 1717 1113 1771 divo
1137 1717 1380 1787 splendor
1402 1721 1563 1789 aquai

158 1784 398 1854 Ponitur,
421 1785 702 1855 extemplo,
725 1786 855 1839 coelo
879 1786 1124 1840 stellante
1147 1803 1341 1854 serene,

154 1852 342 1908 Sidera
510 1855 678 1909 ndent
700 1855 759 1908 in
782 1872 921 1924 aqua
942 1856 1210 1912 radiantia
1231 1855 1432 1909 mundi.

156 1921 197 1975 J
196 1939 352 1976 amne
374 1923 430 1976 vi
466 1940 521 1977 es
543 1924 724 2006 igitur,
750 1940 912 1993 quam
933 1931 1132 1994 puncto
1157 1932 1390 1994 tempore
1412 1925 1589 1994 imago

155 1991 389 2044 AEtheris
412 2009 481 2045 ex
503 2009 606 2048 ons
627 1993 688 2046 in
712 1998 970 2047 terrarum
993 1994 1189 2047 accidit
1213 1994 1364 2048 oras?

225 2060 399 2125 Quare
421 2061 584 2114 etiam
606 2067 769 2130 atque
791 2062 954 2116 etiam
976 2064 1113 2116 mira
1134 2063 1334 2117 fateare
1356 2080 1564 2117 necesse
1589 2070 1668 2118 est

154 2128 395 2198 Corpora,
419 2147 539 2199 quse
561 2130 758 2184 feriant
780 2132 957 2184 oculos
980 2132 1256 2201 visumque
1278 2132 1566 2189 lacessant:

151 2196 519 2267 Perpetuoque
541 2198 714 2254 fluant
738 2199 894 2253 certis
917 2199 986 2255 ab
1009 2199 1167 2253 rebus
1190 2200 1398 2254 odores:

152 2265 343 2334 Frigus
356 2272 430 2350 ⁸ut
452 2285 486 2321 a
507 2268 697 2335 fluviis,
722 2268 864 2322 caJor
886 2284 920 2320 a
943 2268 1064 2349 sole,
1090 2274 1246 2350 aestus
1269 2270 1337 2322 ab
1359 2270 1517 2324 undis
1734 2274 1838 2324 220

149 2334 1096 2484 &emfflsssffiffsffl
1114 2354 1412 2474 §mu

149 2470 392 2541 Demque
415 2473 475 2527 in
496 2490 554 2527 os
577 2474 700 2527 salsi
725 2474 872 2527 venit
894 2474 1084 2527 humor
1109 2491 1243 2544 saepe
1268 2475 1478 2542 saporis,

150 2538 326 2605 Quum
350 2558 494 2596 mare
519 2560 786 2596 versamur
809 2549 1053 2624 propter:
1079 2544 1353 2610 dilutaque
1378 2550 1561 2595 contra

150 2606 328 2673 Quum
351 2609 555 2663 tuimur
577 2611 784 2664 misceri
807 2610 1091 2678 absinthia,
1115 2612 1291 2679 tangit
1315 2627 1533 2663 amaror.

150 2676 328 2748 Usque
352 2678 483 2732 adeo
506 2679 747 2734 omnibus
770 2680 837 2735 ab
860 2679 1016 2734 rebus
1038 2696 1122 2733 res
1145 2694 1366 2750 qumque
1389 2677 1612 2731 fluenter

974 2763 998 2801 1
